,precio,precio/kg,producto,anadir,none,link,m,k,s
0,"
1,17 €","0,78 €/kg","Azúcar blanco Azucarera 1,5 kg.","Añadir
",https://www.carrefour.es/supermercado/la-despensa/cat20001/c?offset=24,,,,
1,"
3,95 €","3,95 €/l",Aceite de oliva virgen extra Carrefour 1 l.,"Añadir
",https://www.carrefour.es/supermercado/la-despensa/cat20001/c?offset=24,,,,
2,"
0,22 €","0,22 €/kg",Sal marina fina Carrefour 1 kg.,"Añadir
",https://www.carrefour.es/supermercado/la-despensa/cat20001/c?offset=24,,,,
3,"
1,05 €","1,31 €/kg",Galletas María dorada Carrefour sin aceite de palma 800 g.,"Añadir
",https://www.carrefour.es/supermercado/la-despensa/cat20001/c?offset=24,,,,
4,"
1,80 €","0,90 €/kg","Yogur de fresa, de macedonia, de limón y de fresa-plátano Carrefour pack de 16 unidades de 125 g.","Añadir
",https://www.carrefour.es/supermercado/la-despensa/cat20001/c?offset=24,,,,
5,"
1,99 €","3,98 €/docena",Huevos M-L ecológicos Carrefour Bio 6 ud.,Bio,"Añadir
",https://www.carrefour.es/supermercado/la-despensa/cat20001/c?offset=24,,,
6,"
0,86 €","0,86 €/kg",Arroz largo categoría primera Carrefour 1 kg.,"Añadir
",https://www.carrefour.es/supermercado/la-despensa/cat20001/c?offset=24,,,,
7,"
3,20 €","3,20 €/l","Aceite de oliva suave 0,4º Carrefour 1 l.","Añadir
",https://www.carrefour.es/supermercado/la-despensa/cat20001/c?offset=24,,,,
8,"
1,30 €","1,30 €/kg",Fideo cabellín Carrefour 1 kg.,"Añadir
",https://www.carrefour.es/supermercado/la-despensa/cat20001/c?offset=48,,,,
9,"
2,05 €","1,95 €/kg",Tomate frito Orlando sin gluten pack de 3 briks de 350 g.,Sin gluten,Ver productos de la promoción,"Añadir
",https://www.carrefour.es/supermercado/la-despensa/cat20001/c?offset=48,,
10,"
15,50 €","3,10 €/l","Aceite de oliva suave 0,4º Carrefour garrafón 5 l.","Añadir
",https://www.carrefour.es/supermercado/la-despensa/cat20001/c?offset=48,,,,
11,"
0,94 €","0,94 €/l",Leche entera Pascual brik 1 l.,"Añadir
",https://www.carrefour.es/supermercado/la-despensa/cat20001/c?offset=48,,,,
12,"
0,70 €","1,40 €/kg",Copos de avena Carrefour 500 g.,"Añadir
",https://www.carrefour.es/supermercado/la-despensa/cat20001/c?offset=48,,,,
13,"
2,99 €","3,48 €/kg","Galletas con cereales, vitaminas y calcio Tosta Rica Cuétara 860 g.","Añadir
",https://www.carrefour.es/supermercado/la-despensa/cat20001/c?offset=48,,,,
14,"
1,49 €","1,99 €/kg",Yogur griego con stracciatella Carrefour Extra sin gluten pack de 6 unidades de 125 g.,Sin gluten,"Añadir
",https://www.carrefour.es/supermercado/la-despensa/cat20001/c?offset=48,,,
15,"
0,22 €","0,22 €/kg",Sal marina yodada fina Carrefour 1 kg.,"Añadir
",https://www.carrefour.es/supermercado/la-despensa/cat20001/c?offset=48,,,,
16,"
0,82 €","0,79 €","0,82 €/l
 | 
0,79 €/l",Leche desnatada Central Lechera Asturiana brik 1 l.,"Añadir
",https://www.carrefour.es/supermercado/la-despensa/cat20001/c?offset=72,,,
17,"
2,59 €","12,95 €/kg",Nueces sin cáscara Carrefour 200 g.,"Añadir
",https://www.carrefour.es/supermercado/la-despensa/cat20001/c?offset=72,,,,
18,"
18,30 €","3,66 €/l",Aceite de oliva virgen extra Carrefour garrafa 5 l.,"Añadir
",https://www.carrefour.es/supermercado/la-despensa/cat20001/c?offset=72,,,,
19,"
2,67 €","4,11 €/l",Mayonesa Hellmann's sin gluten tarro 650 ml.,Sin gluten,Ver productos de la promoción,"Añadir
",https://www.carrefour.es/supermercado/la-despensa/cat20001/c?offset=72,,
20,"
1,25 €","0,83 €/l","Leche semidesnatada Central Lechera Asturiana botella 1,5 l.","Añadir
",https://www.carrefour.es/supermercado/la-despensa/cat20001/c?offset=72,,,,
21,"
2,35 €","2,12 €","5,34 €/kg
 | 
4,82 €/kg",Yogur griego con stracciatella Danone Oikos sin gluten pack de 4 unidades de 110 g.,Sin gluten,Ver productos de la promoción,"Añadir
",https://www.carrefour.es/supermercado/la-despensa/cat20001/c?offset=72,
22,"
6,99 €","6,55 €","22,40 €/kg
 | 
20,99 €/kg",Atún claro en aceite de oliva Calvo sin lactosa pack de 6 latas de 52 g.,Sin lactosa,Ver productos de la promoción,"Añadir
",https://www.carrefour.es/supermercado/la-despensa/cat20001/c?offset=72,
23,"
0,99 €","0,99 €/kg",Harina de trigo Gallo 1 kg.,"Añadir
",https://www.carrefour.es/supermercado/la-despensa/cat20001/c?offset=72,,,,
24,"
2,19 €","4,98 €/kg",Yogur griego natural Danone Oikos sin gluten pack de 4 unidades de 110 g.,Sin gluten,Ver productos de la promoción,"Añadir
",https://www.carrefour.es/supermercado/la-despensa/cat20001/c?offset=96,,
25,"
1,89 €","5,48 €/kg",Champiñones laminados Carrefour pack de 3 unidades de 115 g.,"Añadir
",https://www.carrefour.es/supermercado/la-despensa/cat20001/c?offset=96,,,,
26,"
0,94 €","0,94 €/l",Leche desnatada 0% MG Pascual brik 1 l.,"Añadir
",https://www.carrefour.es/supermercado/la-despensa/cat20001/c?offset=96,,,,
27,"
1,05 €","1,40 €/kg",Yogur griego natural azucarado Carrefour Extra pack de 6 unidades de 125 g.,"Añadir
",https://www.carrefour.es/supermercado/la-despensa/cat20001/c?offset=96,,,,
28,"
3,24 €","3,19 €","9,26 €/kg
 | 
9,11 €/kg",Pizza de jamón y queso fina y crujiente Forno Di Pietra Buitoni 350 g.,Congelado,Ver productos de la promoción,"Añadir
",https://www.carrefour.es/supermercado/la-despensa/cat20001/c?offset=96,
29,"
2,14 €","2,14 €/kg",Yogur natural Danone pack de 8 unidades de 120 g.,"Añadir
",https://www.carrefour.es/supermercado/la-despensa/cat20001/c?offset=96,,,,
30,"
1,16 €","4,64 €/kg",Arroz basmati para microondas Brillante pack de 2 ud. de 125 g.,"Añadir
",https://www.carrefour.es/supermercado/la-despensa/cat20001/c?offset=96,,,,
31,"
5,05 €","12,62 €/kg",Nueces peladas carrefour 400 g.,"Añadir
",https://www.carrefour.es/supermercado/la-despensa/cat20001/c?offset=96,,,,
32,"
3,35 €","1,67 €/l",Caldo casero de cocido Gallina Blanca pack de 2 briks de 1 l.,"Añadir
",https://www.carrefour.es/supermercado/la-despensa/cat20001/c?offset=120,,,,
33,"
1,30 €","1,73 €/kg",Yogur griego de fresa Carrefour Extra sin gluten pack de 6 unidades de 125 g.,Sin gluten,"Añadir
",https://www.carrefour.es/supermercado/la-despensa/cat20001/c?offset=120,,,
34,"
1,29 €","17,20 €/kg",Pandilla sabor queso Cheetos 75 g.,"Añadir
",https://www.carrefour.es/supermercado/la-despensa/cat20001/c?offset=120,,,,
35,"
0,94 €","6,27 €/kg",Galletas con tableta de chocolate y leche Carrefour 150 g.,"Añadir
",https://www.carrefour.es/supermercado/la-despensa/cat20001/c?offset=120,,,,
36,"
1,19 €","3,97 €/kg",Petit de fresa Danonino sin gluten pack de 6 unidades de 50 g.,Sin gluten,"Añadir
",https://www.carrefour.es/supermercado/la-despensa/cat20001/c?offset=120,,,
37,"
2,10 €","1,75 €/l",Batido de chocolate Puleva sin gluten pack de 6 briks de 200 ml.,Sin gluten,"Añadir
",https://www.carrefour.es/supermercado/la-despensa/cat20001/c?offset=120,,,
38,"
4,89 €","4,89 €/l","Aceite de oliva suave 0,4º La Española 1 l.",Ver productos de la promoción,"Añadir
",https://www.carrefour.es/supermercado/la-despensa/cat20001/c?offset=120,,,
39,"
2,35 €","9,40 €/kg",Mantequilla tradicional sin sal Central Lechera Asturiana 250 g.,"Añadir
",https://www.carrefour.es/supermercado/la-despensa/cat20001/c?offset=120,,,,
40,"
5,85 €","5,85 €/l",Aceite de oliva virgen extra Dcoop 1 l.,"Añadir
",https://www.carrefour.es/supermercado/la-despensa/cat20001/c?offset=144,,,,
41,"
0,35 €","31,82 €/kg",Orégano Carrefour 11 g.,"Añadir
",https://www.carrefour.es/supermercado/la-despensa/cat20001/c?offset=144,,,,
42,"
0,70 €","1,40 €/kg",Fideuá Carrefour 500 g.,"Añadir
",https://www.carrefour.es/supermercado/la-despensa/cat20001/c?offset=144,,,,
43,"
0,69 €","1,38 €/kg",Espirales vegetales Carrefour 500 g.,"Añadir
",https://www.carrefour.es/supermercado/la-despensa/cat20001/c?offset=144,,,,
44,"
1,13 €","4,52 €/kg",Café molido natural Carrefour 250 g.,"Añadir
",https://www.carrefour.es/supermercado/la-despensa/cat20001/c?offset=144,,,,
45,"
1,25 €","0,83 €/l","Leche entera Central Lechera Asturiana botella 1,5 l.","Añadir
",https://www.carrefour.es/supermercado/la-despensa/cat20001/c?offset=144,,,,
46,"
1,54 €","2,80 €/kg",Salsa de tomate De la Abuela Carrefour tarro 580 g.,"Añadir
",https://www.carrefour.es/supermercado/la-despensa/cat20001/c?offset=144,,,,
47,"
1,85 €","4,40 €/kg",Guisantes muy finos Classic Carrefour pack de 3 latas de 140 g.,"Añadir
",https://www.carrefour.es/supermercado/la-despensa/cat20001/c?offset=144,,,,
48,"
5,29 €","6,96 €/kg",Cacao soluble original Cola Cao 760 g.,"Añadir
",https://www.carrefour.es/supermercado/la-despensa/cat20001/c?offset=168,,,,
49,"
3,24 €","9,26 €/kg",Pizza caprese fina y crujiente Forno di Pietra Buitoni 350 g.,Congelado,Ver productos de la promoción,"Añadir
",https://www.carrefour.es/supermercado/la-despensa/cat20001/c?offset=168,,
50,"
0,99 €","4,40 €/kg",Pimientos del Piquillo asados en tiras primera Carrefour sin lactosa 225 g.,Sin lactosa,"Añadir
",https://www.carrefour.es/supermercado/la-despensa/cat20001/c?offset=168,,,
51,"
3,59 €","4,79 €/kg",Cereales integrales de chocolate Chocapic Nestlé 750 g.,Ver productos de la promoción,"Añadir
",https://www.carrefour.es/supermercado/la-despensa/cat20001/c?offset=168,,,
52,"
1,20 €","9,23 €/kg",Sardinillas en aceite de oliva Carrefour pack de 2 unidades de 65 g.,"Añadir
",https://www.carrefour.es/supermercado/la-despensa/cat20001/c?offset=168,,,,
53,"
1,45 €","9,06 €/kg",Galletas con pepitas de chocolate Minis Chips Ahoy 160 g.,"Añadir
",https://www.carrefour.es/supermercado/la-despensa/cat20001/c?offset=168,,,,
54,"
1,05 €","4,20 €/kg",Turrón de chocolate con leche crujiente Carrefour sin gluten 250 g.,Sin gluten,"Añadir
",https://www.carrefour.es/supermercado/la-despensa/cat20001/c?offset=168,,,
55,"
1,99 €","4,74 €/kg",Maiz dulce Carrefour pack de 6 unidades de 70 g.,"Añadir
",https://www.carrefour.es/supermercado/la-despensa/cat20001/c?offset=168,,,,
56,"
0,98 €","0,49 €/kg",Harina de trigo Carrefour 2 kg.,"Añadir
",https://www.carrefour.es/supermercado/la-despensa/cat20001/c?offset=192,,,,
57,"
1,35 €","1,13 €/l",Leche entera Carrefour pack de 6 briks de 200 ml.,"Añadir
",https://www.carrefour.es/supermercado/la-despensa/cat20001/c?offset=192,,,,
58,"
3,56 €","11,41 €/kg",Atún en aceite de oliva pack de 6 latas de 52 g.,"Añadir
",https://www.carrefour.es/supermercado/la-despensa/cat20001/c?offset=192,,,,
59,"
2,09 €","4,35 €/kg",Yogur bífidus desnatado cremoso de vainilla de madagascar Danone Activia pack de 4 unidades de 120 g.,"Añadir
",https://www.carrefour.es/supermercado/la-despensa/cat20001/c?offset=192,,,,
60,"
2,07 €","2,07 €/kg",Arroz basmati Carrefour 1 kg.,"Añadir
",https://www.carrefour.es/supermercado/la-despensa/cat20001/c?offset=192,,,,
61,"
3,35 €","1,67 €/l",Caldo casero de verduras Gallina Blanca pack de 2 briks de 1 l.,"Añadir
",https://www.carrefour.es/supermercado/la-despensa/cat20001/c?offset=192,,,,
62,"
4,59 €","5,10 €/kg",Galletas rellenas de crema de chocolate Príncipe pack de 3 unidades de 300 g.,"Añadir
",https://www.carrefour.es/supermercado/la-despensa/cat20001/c?offset=192,,,,
63,"
1,51 €","1,29 €/kg",Tomate frito con aceite de oliva virgen extra Carrefour pack de 3 briks de 390 g.,"Añadir
",https://www.carrefour.es/supermercado/la-despensa/cat20001/c?offset=192,,,,
64,"
0,80 €","5,33 €/kg",Patatas fritas estilo churrería Carrefour 150 g.,"Añadir
",https://www.carrefour.es/supermercado/la-despensa/cat20001/c?offset=216,,,,
65,"
2,63 €","6,49 €/kg",Pizza de jamón y queso Casa Tarradellas 405 g.,"Añadir
",https://www.carrefour.es/supermercado/la-despensa/cat20001/c?offset=216,,,,
66,"
3,95 €","7,90 €/kg",Café molido natural cultivo sostenible Nestlé Bonka 500 g.,"Añadir
",https://www.carrefour.es/supermercado/la-despensa/cat20001/c?offset=216,,,,
67,"
0,71 €","0,35 €/kg",Hielo en cubitos Carrefour 2 kg.,Congelado,"Añadir
",https://www.carrefour.es/supermercado/la-despensa/cat20001/c?offset=216,,,
68,"
1,45 €","9,06 €/kg",Galletas de chocolate rellenas de crema Mini Oreo pack de 4 unidades de 40 g.,"Añadir
",https://www.carrefour.es/supermercado/la-despensa/cat20001/c?offset=216,,,,
69,"
2,19 €","2,19 €/kg",Arroz tres delicias Carrefour 1 kg.,"Añadir
",https://www.carrefour.es/supermercado/la-despensa/cat20001/c?offset=216,,,,
70,"
0,99 €","2,75 €/kg",Judías verdes troceadas al natural La Hacienda de Ybarra 360 g.,"Añadir
",https://www.carrefour.es/supermercado/la-despensa/cat20001/c?offset=216,,,,
71,"
0,80 €","1,60 €/kg",Espaguetis integrales Carrefour 500 g.,"Añadir
",https://www.carrefour.es/supermercado/la-despensa/cat20001/c?offset=216,,,,
72,"
1,85 €","5,29 €/kg",Mermelada de fresa de temporada Hero 350 g.,"Añadir
",https://www.carrefour.es/supermercado/la-despensa/cat20001/c?offset=240,,,,
73,"
1,49 €","11,46 €/kg",Filetes de caballa del sur en aceite de oliva Carrefour pack de 2 latas de 65 g.,"Añadir
",https://www.carrefour.es/supermercado/la-despensa/cat20001/c?offset=240,,,,
74,"
1,99 €","7,96 €/kg",Mantequilla ecológica Carrefour Bio 250 g.,Bio,"Añadir
",https://www.carrefour.es/supermercado/la-despensa/cat20001/c?offset=240,,,
75,"
0,80 €","1,60 €/kg",Macarrones integrales Carrefour 500 g.,"Añadir
",https://www.carrefour.es/supermercado/la-despensa/cat20001/c?offset=240,,,,
76,"
1,59 €","6,91 €/kg",Yogur con bolitas cubiertas de chocolate Mix-in Nestlé Kit Kat pack de 2 unidades de 115 g.,"Añadir
",https://www.carrefour.es/supermercado/la-despensa/cat20001/c?offset=240,,,,
77,"
2,29 €","15,90 €/kg",Calamares en su tinta Calvo sin gluten y sin lactosa pack de 3 unidades de 48 g.,Sin gluten,Sin lactosa,Ver productos de la promoción,"Añadir
",https://www.carrefour.es/supermercado/la-despensa/cat20001/c?offset=240,
78,"
1,54 €","9,62 €/kg",Patatas fritas onduladas sabor jamón Ruffles 160 g.,"Añadir
",https://www.carrefour.es/supermercado/la-despensa/cat20001/c?offset=240,,,,
79,"
1,41 €","7,83 €/kg",Doble caldo carne Knorr sin gluten y sin lactosa 18 pastillas,Sin gluten,Sin lactosa,Ver productos de la promoción,"Añadir
",https://www.carrefour.es/supermercado/la-despensa/cat20001/c?offset=240,
80,"
1,19 €","2,38 €/kg",Yogur de limón Danone sin gluten pack de 4 unidades de 120 g.,Sin gluten,"Añadir
",https://www.carrefour.es/supermercado/la-despensa/cat20001/c?offset=264,,,
81,"
2,29 €","2,09 €","15,90 €/kg
 | 
14,51 €/kg",Calamares en salsa americana Calvo sin gluten y sin lactosapack de 3 unidades de 48 g.,Sin gluten,Sin lactosa,Ver productos de la promoción,"Añadir
",https://www.carrefour.es/supermercado/la-despensa/cat20001/c?offset=264
82,"
1,19 €","9,22 €/kg",Mejillones de las rías gallegas en escabeche Carrefour sin gluten pack de 3 unidades de 43 g.,"Añadir
",https://www.carrefour.es/supermercado/la-despensa/cat20001/c?offset=264,,,,
83,"
3,48 €","10,55 €/kg",Pizza prosciutto Ristorante Dr. Oetker 330 g.,Congelado,Ver productos de la promoción,"Añadir
",https://www.carrefour.es/supermercado/la-despensa/cat20001/c?offset=264,,
84,"
2,79 €","5,37 €/kg",Puré de patatas Maggi sin gluten 520 g.,Sin gluten,"Añadir
",https://www.carrefour.es/supermercado/la-despensa/cat20001/c?offset=264,,,
85,"
1,84 €","3,68 €/l",Vinagre balsámico de módena Carrefour 500 ml.,"Añadir
",https://www.carrefour.es/supermercado/la-despensa/cat20001/c?offset=264,,,,
86,"
2,14 €","2,14 €/kg",Yogur azucarado natural Danone pack de 8 unidades de 120 g.,"Añadir
",https://www.carrefour.es/supermercado/la-despensa/cat20001/c?offset=264,,,,
87,"
3,11 €","3,11 €/kg",Arroz basmati Sundari 1 Kg.,"Añadir
",https://www.carrefour.es/supermercado/la-despensa/cat20001/c?offset=264,,,,
88,"
0,95 €","2,37 €/kg",Alubia cocida categoría extra Luengo 400 g.,"Añadir
",https://www.carrefour.es/supermercado/la-despensa/cat20001/c?offset=288,,,,
89,"
5,99 €","4,28 €/kg",Yogur L.Casei líquido con fresa Danone - Actimel kids pack de 14 unidades de 100 g.,Ver productos de la promoción,"Añadir
",https://www.carrefour.es/supermercado/la-despensa/cat20001/c?offset=288,,,
90,"
0,99 €","0,99 €/l",Caldo de pescado Carrefour sin gluten 1 l.,Sin gluten,"Añadir
",https://www.carrefour.es/supermercado/la-despensa/cat20001/c?offset=288,,,
91,"
0,71 €","1,42 €/kg",Cuscús grano mediano Carrefour 500 g.,"Añadir
",https://www.carrefour.es/supermercado/la-despensa/cat20001/c?offset=288,,,,
92,"
2,29 €","5,72 €/kg",Yogur líquido de fresa Danone Danonino pack de 4 unidades de 100 g.,"Añadir
",https://www.carrefour.es/supermercado/la-despensa/cat20001/c?offset=288,,,,
93,"
0,80 €","1,60 €/kg",Churros lazo Carrefour sin lactosa 500 g.,Congelado,Sin lactosa,"Añadir
",https://www.carrefour.es/supermercado/la-despensa/cat20001/c?offset=288,,
94,"
0,96 €",32 €/kg,Anchoas en aceite de oliva Carrefour 50 g.,"Añadir
",https://www.carrefour.es/supermercado/la-despensa/cat20001/c?offset=288,,,,
95,"
1,39 €","2,78 €/kg",Maíz para palomitas Carrefour500 g.,"Añadir
",https://www.carrefour.es/supermercado/la-despensa/cat20001/c?offset=288,,,,
96,"
1,28 €","2,56 €/kg",Copos de avena integral ecológicos Carrefour Bio 500 g.,Bio,"Añadir
",https://www.carrefour.es/supermercado/la-despensa/cat20001/c?offset=312,,,
97,"
1,60 €","3,27 €/kg",Piña con zumo de piña en rodajas Carrefour 490 g.,"Añadir
",https://www.carrefour.es/supermercado/la-despensa/cat20001/c?offset=312,,,,
98,"
1,56 €","9,75 €/kg",Patatas fritas sabor campesinas Lay's 160 g.,"Añadir
",https://www.carrefour.es/supermercado/la-despensa/cat20001/c?offset=312,,,,
99,"
2,40 €",8 €/kg,Palomitas al punto de sal para microondas Popitas sin gluten pack de 3 unidades de 100 g.,Sin gluten,"Añadir
",https://www.carrefour.es/supermercado/la-despensa/cat20001/c?offset=312,,,
100,"
1,75 €",14 €/kg,Galletas con pepitas de chocolate sin azúcares Zero Gullón 125 g.,Ver productos de la promoción,"Añadir
",https://www.carrefour.es/supermercado/la-despensa/cat20001/c?offset=312,,,
101,"
3,49 €","8,72 €/kg",Galletas con pepitas de chocolate Chips Ahoy 400 g.,"Añadir
",https://www.carrefour.es/supermercado/la-despensa/cat20001/c?offset=312,,,,
102,"
0,75 €","1,50 €/kg",Spaguetti integral ecológico Carrefour Bio 500 g.,Bio,"Añadir
",https://www.carrefour.es/supermercado/la-despensa/cat20001/c?offset=312,,,
103,"
1,69 €","9,94 €/kg",Galletas finas con chocolate con leche Digestive Fontaneda 170 g.,"Añadir
",https://www.carrefour.es/supermercado/la-despensa/cat20001/c?offset=312,,,,
104,"
10,18 €","16,97 €/kg",Bombones de chocolate con leche y surtidos Lindt Lindor pack de 2 unidades de 200 g.,"Añadir
",https://www.carrefour.es/supermercado/la-despensa/cat20001/c?offset=336,,,,
105,"
1,43 €","9,79 €/kg",Tiras de maíz BBQ orginal Fritos 146 g.,"Añadir
",https://www.carrefour.es/supermercado/la-despensa/cat20001/c?offset=336,,,,
106,"
1,62 €","1,56 €","10,80 €/kg
 | 
10,40 €/kg",Aceitunas negras cacereñas sin hueso Serpis sin gluten y sin lactosa150 g.,Sin gluten,Ver productos de la promoción,"Añadir
",https://www.carrefour.es/supermercado/la-despensa/cat20001/c?offset=336,
107,"
4,75 €","11,87 €/kg",Pistachos tostados y saldaos Carrefour 400 g.,"Añadir
",https://www.carrefour.es/supermercado/la-despensa/cat20001/c?offset=336,,,,
108,"
5,29 €","10,58 €/kg",Café molido mezcla Gran Aroma Marcilla 500 g.,"Añadir
",https://www.carrefour.es/supermercado/la-despensa/cat20001/c?offset=336,,,,
109,"
2,19 €","4,38 €/kg",Galletas napolitana Cuétara 500 g.,"Añadir
",https://www.carrefour.es/supermercado/la-despensa/cat20001/c?offset=336,,,,
110,"
1,37 €","10,96 €/kg",Chocolate con leche y galleta Jungly Nestlé 125 g.,"Añadir
",https://www.carrefour.es/supermercado/la-despensa/cat20001/c?offset=336,,,,
111,"
1,85 €","9,25 €/kg",Café soluble natural Carrefour 200 g.,"Añadir
",https://www.carrefour.es/supermercado/la-despensa/cat20001/c?offset=336,,,,
112,"
2,09 €","4,35 €/kg",Yogur bífidus desnatado cremoso de frutos silvestres Danone Activia sin gluten pack de 4 unidades de 120 g.,Sin gluten,"Añadir
",https://www.carrefour.es/supermercado/la-despensa/cat20001/c?offset=360,,,
113,"
1,56 €","18,57 €/kg",Cortezas de trigoBoca Bits Matutano 84 g.,"Añadir
",https://www.carrefour.es/supermercado/la-despensa/cat20001/c?offset=360,,,,
114,"
1,06 €","10,60 €/kg",Chocolate negro 80% Carrefour Selección 100 g.,"Añadir
",https://www.carrefour.es/supermercado/la-despensa/cat20001/c?offset=360,,,,
115,"
0,74 €","5,92 €/l",Salsa de soja Carrefour botella 125 ml.,"Añadir
",https://www.carrefour.es/supermercado/la-despensa/cat20001/c?offset=360,,,,
116,"
0,52 €","2,48 €/kg",Garbanzos cocidos Carrefour 210 g.,"Añadir
",https://www.carrefour.es/supermercado/la-despensa/cat20001/c?offset=360,,,,
117,"
1,52 €","10,86 €/kg",Doritos Tex Mex 140 g.,"Añadir
",https://www.carrefour.es/supermercado/la-despensa/cat20001/c?offset=360,,,,
118,"
1,83 €","5,72 €/kg",Tortillas de trigo integrales Mexifoods 8 ud.,"Añadir
",https://www.carrefour.es/supermercado/la-despensa/cat20001/c?offset=360,,,,
119,"
2,25 €","4,50 €/kg",Nuggets de pollo Carrefour Classic' 500 g.,Congelado,"Añadir
",https://www.carrefour.es/supermercado/la-despensa/cat20001/c?offset=360,,,
120,"
1,99 €","1,82 €","4,97 €/kg
 | 
4,55 €/kg",Arroz redondo para microondasBrillante pack de 2 ud. de 200 g.,Ver productos de la promoción,"Añadir
",https://www.carrefour.es/supermercado/la-despensa/cat20001/c?offset=384,,
121,"
4,05 €","3,75 €","4,05 €/kg
 | 
3,75 €/kg",Arroz bomba Sos 1 kg.,Ver productos de la promoción,"Añadir
",https://www.carrefour.es/supermercado/la-despensa/cat20001/c?offset=384,,
122,"
0,80 €","0,80 €/l",Leche entera fresca Carrefour botella 1 l.,"Añadir
",https://www.carrefour.es/supermercado/la-despensa/cat20001/c?offset=384,,,,
123,"
2,47 €","9,88 €/kg",Turrón de Jijona Carrefour sin gluten 250 g.,Sin gluten,"Añadir
",https://www.carrefour.es/supermercado/la-despensa/cat20001/c?offset=384,,,
124,"
0,99 €","4,95 €/kg",Nachos clásicos Sensation Carrefour sin gluten 200 g.,Sin gluten,"Añadir
",https://www.carrefour.es/supermercado/la-despensa/cat20001/c?offset=384,,,
125,"
1,16 €","8,79 €/kg",Tortitas de maíz Carrefour pack de 4 unidades de 33 g. ,"Añadir
",https://www.carrefour.es/supermercado/la-despensa/cat20001/c?offset=384,,,,
126,"
2,85 €","7,92 €/kg",Crema de avellanas original Nocilla sin gluten y sin aceite de palma 360 g.,Sin gluten,"Añadir
",https://www.carrefour.es/supermercado/la-despensa/cat20001/c?offset=384,,,
127,"
4,09 €","8,18 €/kg",Mantequilla tradicional Central Lechera Asturiana 500 g.,"Añadir
",https://www.carrefour.es/supermercado/la-despensa/cat20001/c?offset=384,,,,
128,"
0,47 €","0,94 €/kg",Yogur desnatado natural Carrefour pack de 4 unidades de 125 g.,"Añadir
",https://www.carrefour.es/supermercado/la-despensa/cat20001/c?offset=408,,,,
129,"
2,85 €","2,55 €","6,79 €/kg
 | 
6,07 €/kg",Guisantes tiernos y muy finos sin azúcares añadidos Bonduelle pack de 3 unidades de 140 g.,Ver productos de la promoción,"Añadir
",https://www.carrefour.es/supermercado/la-despensa/cat20001/c?offset=408,,
130,"
0,92 €","3,07 €/kg",Salsa boloñesa Carrefour sin gluten tarro 300 g.,Sin gluten,"Añadir
",https://www.carrefour.es/supermercado/la-despensa/cat20001/c?offset=408,,,
131,"
0,88 €","1,83 €/kg",Tomate natural pelado Carrefour 480 g.,"Añadir
",https://www.carrefour.es/supermercado/la-despensa/cat20001/c?offset=408,,,,
132,"
1,73 €","3,46 €/kg",Cereales de maíz sin azúcar añadido Corn Flakes Carrefour 500 g.,"Añadir
",https://www.carrefour.es/supermercado/la-despensa/cat20001/c?offset=408,,,,
133,"
3,55 €","7,40 €/kg",Galletas con pepitas de chocolate Oceanix Tosta Rica Cuétara 480 g.,"Añadir
",https://www.carrefour.es/supermercado/la-despensa/cat20001/c?offset=408,,,,
134,"
0,60 €",6 €/kg,Aperitivo sabor queso Carrefour 100 g.,"Añadir
",https://www.carrefour.es/supermercado/la-despensa/cat20001/c?offset=408,,,,
135,"
3,12 €","3,78 €/l",Mayonesa Hellmann's tarro 825 ml.,Ver productos de la promoción,"Añadir
",https://www.carrefour.es/supermercado/la-despensa/cat20001/c?offset=408,,,
136,"
1,30 €","1,73 €/kg",Yogur griego de lima limón Carrefour Extra pack de 6 unidades de 125 g.,"Añadir
",https://www.carrefour.es/supermercado/la-despensa/cat20001/c?offset=432,,,,
137,"
2,89 €","14,45 €/kg",Avellanas tostadas Carrefour 200 g.,"Añadir
",https://www.carrefour.es/supermercado/la-despensa/cat20001/c?offset=432,,,,
138,"
5,69 €","0,02 €/kg",Atún claro en aceite de girasol Calvo pack de 6 latas de 52 g.,Ver productos de la promoción,"Añadir
",https://www.carrefour.es/supermercado/la-despensa/cat20001/c?offset=432,,,
139,"
1,71 €","4,07 €/kg",Leche evaporada -40% materia grasa Ideal pack de 2 briks de 210 g.,"Añadir
",https://www.carrefour.es/supermercado/la-despensa/cat20001/c?offset=432,,,,
140,"
0,72 €","0,72 €/l",Caldo de carne Carrefour sin gluten brik 1 l.,Sin gluten,"Añadir
",https://www.carrefour.es/supermercado/la-despensa/cat20001/c?offset=432,,,
141,"
2,69 €","2,65 €","38,99 €/kg
 | 
38,41 €/kg",Mejillones de las rías gallegas en escabeche Calvo sin gluten y sin lactosa 69 g.,Sin gluten,Sin lactosa,Ver productos de la promoción,"Añadir
",https://www.carrefour.es/supermercado/la-despensa/cat20001/c?offset=432
142,"
2,87 €","2,39 €/l",Batido de cacao Cacaolat sin gluten pack de 6 briks de 200 ml.,Sin gluten,"Añadir
",https://www.carrefour.es/supermercado/la-despensa/cat20001/c?offset=432,,,
143,"
1,61 €","10,06 €/kg",Patatas fritas sabor vinagreta Lay's 160 g.,"Añadir
",https://www.carrefour.es/supermercado/la-despensa/cat20001/c?offset=432,,,,
144,"
3,24 €","10,80 €/kg",Pizza carbonara fina y crujiente forno di pietra Buitoni 300 g.,Congelado,Ver productos de la promoción,"Añadir
",https://www.carrefour.es/supermercado/la-despensa/cat20001/c?offset=456,,
145,"
2,15 €","12,29 €/kg",Corazones de alcachofas mini 16/20 Carrefour sin lactosa 175 g.,Sin lactosa,"Añadir
",https://www.carrefour.es/supermercado/la-despensa/cat20001/c?offset=456,,,
146,"
1,37 €","1,85 €/kg",Leche condensada Carrefour 740 g.,"Añadir
",https://www.carrefour.es/supermercado/la-despensa/cat20001/c?offset=456,,,,
147,"
0,99 €","4,40 €/kg",Pimientos del Piquillo en tiras al ajillo Carrefour sin lactosa 225 g.,Sin lactosa,"Añadir
",https://www.carrefour.es/supermercado/la-despensa/cat20001/c?offset=456,,,
148,"
2,41 €","12,05 €/kg",Pistachos tostados y salados Carrefour 200 g.,"Añadir
",https://www.carrefour.es/supermercado/la-despensa/cat20001/c?offset=456,,,,
149,"
0,60 €","1,50 €/kg",Alubia cocida sin sal añadida Carrefour 400 g.,"Añadir
",https://www.carrefour.es/supermercado/la-despensa/cat20001/c?offset=456,,,,
150,"
2,09 €","1,90 €","17,42 €/kg
 | 
15,83 €/kg",Galletas rellena con crema de cacao Nocilla 120 g.,Ver productos de la promoción,"Añadir
",https://www.carrefour.es/supermercado/la-despensa/cat20001/c?offset=456,,
151,"
0,78 €","2,60 €/kg",Palomitas saladas para microondas Carrefour pack de 3 bolsas de 100 g.,"Añadir
",https://www.carrefour.es/supermercado/la-despensa/cat20001/c?offset=456,,,,
152,"
1,20 €","2,67 €/kg",Fideo nº0 Gallo 450 g.,"Añadir
",https://www.carrefour.es/supermercado/la-despensa/cat20001/c?offset=480,,,,
153,"
0,99 €","4,95 €/l",Nata para cocinar Central Lechera Asturiana 200 ml.,"Añadir
",https://www.carrefour.es/supermercado/la-despensa/cat20001/c?offset=480,,,,
154,"
0,99 €","1,24 €/kg",Azúcar blanco Azucarera 800 g.,"Añadir
",https://www.carrefour.es/supermercado/la-despensa/cat20001/c?offset=480,,,,
155,"
2,59 €","5,18 €/l",Nata para cocinar espesa Président pack de 2 unidades de 250 ml.,"Añadir
",https://www.carrefour.es/supermercado/la-despensa/cat20001/c?offset=480,,,,
156,"
2,40 €",12 €/kg,Café soluble descafeinado Carrefour 200 g.,"Añadir
",https://www.carrefour.es/supermercado/la-despensa/cat20001/c?offset=480,,,,
157,"
0,99 €","8,25 €/kg",Risketos Risi sin gluten 120 g.,Sin gluten,"Añadir
",https://www.carrefour.es/supermercado/la-despensa/cat20001/c?offset=480,,,
158,"
5,99 €","5,99 €/l",Aceite de oliva virgen extra Maestros de Hojiblanca 1 l.,"Añadir
",https://www.carrefour.es/supermercado/la-despensa/cat20001/c?offset=480,,,,
159,"
1,39 €","5,79 €/kg",Corazones de alcachofa 8/10 Carrefour 240 g.,"Añadir
",https://www.carrefour.es/supermercado/la-despensa/cat20001/c?offset=480,,,,
160,"
0,99 €","1,98 €/l",Crema de verduras de la huerta Carrefour sin gluten 500 ml.,Sin gluten,"Añadir
",https://www.carrefour.es/supermercado/la-despensa/cat20001/c?offset=504,,,
161,"
0,99 €","1,98 €/l",Nata para montar líquida Carrefour 500 ml.,"Añadir
",https://www.carrefour.es/supermercado/la-despensa/cat20001/c?offset=504,,,,
162,"
0,77 €","3,85 €/kg",Caramelos de goma Carrefour Classic sin gluten 200 g.,Sin gluten,"Añadir
",https://www.carrefour.es/supermercado/la-despensa/cat20001/c?offset=504,,,
163,"
1,71 €","6,58 €/kg",Sopa de pollo con Maravilla Gallina Blanca pack de 3 sobres de 86 g.,"Añadir
",https://www.carrefour.es/supermercado/la-despensa/cat20001/c?offset=504,,,,
164,"
2,65 €","13,25 €/kg",Almendras tostadas sin sal añadida Carrefour 200 g.,"Añadir
",https://www.carrefour.es/supermercado/la-despensa/cat20001/c?offset=504,,,,
165,"
0,82 €","0,79 €","0,82 €/l
 | 
0,79 €/l",Leche desnatada 0% MG Central Lechera Asturiana brik 1 l.,"Añadir
",https://www.carrefour.es/supermercado/la-despensa/cat20001/c?offset=504,,,
166,"
2,79 €","11,16 €/kg",Café molido natural crema e gusto Lavazza 250 g.,"Añadir
",https://www.carrefour.es/supermercado/la-despensa/cat20001/c?offset=504,,,,
167,"
2,99 €","2,99 €/ud",Tortilla de patata con cebolla 600 g,Ver productos de la promoción,"Añadir
",https://www.carrefour.es/supermercado/la-despensa/cat20001/c?offset=504,,,
168,"
0,99 €","1,98 €/l",Crema de calabacín con queso Carrefour sin gluten 500 ml.,Sin gluten,"Añadir
",https://www.carrefour.es/supermercado/la-despensa/cat20001/c?offset=528,,,
169,"
2,39 €","4,98 €/kg",Yogur bífidus desnatado con melocotón Danone Activia sin gluten pack de 4 unidades de 120 g.,Sin gluten,"Añadir
",https://www.carrefour.es/supermercado/la-despensa/cat20001/c?offset=528,,,
170,"
2,15 €","29,45 €/kg",Ventresca de atún claro en aceite de oliva Carrefour 73 g.,"Añadir
",https://www.carrefour.es/supermercado/la-despensa/cat20001/c?offset=528,,,,
171,"
5,99 €","5,99 €/l",Aceite de oliva virgen extra arbequina Coosur 1 l.,"Añadir
",https://www.carrefour.es/supermercado/la-despensa/cat20001/c?offset=528,,,,
172,"
2,05 €","1,87 €","4,10 €/l
 | 
3,74 €/l","Crema de Alicia de calabaza, zanahoria y guisantes Knorr 500 ml.",Ver productos de la promoción,"Añadir
",https://www.carrefour.es/supermercado/la-despensa/cat20001/c?offset=528,,
173,"
4,15 €","5,53 €/kg","Cereales de arroz, trigo y cebada integral Special K Kellogg's 750 g.",Ver productos de la promoción,"Añadir
",https://www.carrefour.es/supermercado/la-despensa/cat20001/c?offset=528,,,
174,"
1,25 €",5 €/kg,Café molido mezcla Carrefour 250 g.,"Añadir
",https://www.carrefour.es/supermercado/la-despensa/cat20001/c?offset=528,,,,
175,"
1,39 €","3,86 €/kg",Petit Nestlé Nesquik sin gluten pack de 6 unidades de 60 g.,Sin gluten,"Añadir
",https://www.carrefour.es/supermercado/la-despensa/cat20001/c?offset=528,,,
176,"
2,49 €","6,23 €/kg",Calamares a la Romana Pescanova 400 g.,"Añadir
",https://www.carrefour.es/supermercado/la-despensa/cat20001/c?offset=552,,,,
177,"
2,05 €","8,20 €/kg",Patatas fritas sabor campesinas Lay's 250 g.,"Añadir
",https://www.carrefour.es/supermercado/la-despensa/cat20001/c?offset=552,,,,
178,"
2,28 €","4,56 €/kg",Café molido natural Carrefour 500 g.,"Añadir
",https://www.carrefour.es/supermercado/la-despensa/cat20001/c?offset=552,,,,
179,"
1,81 €","3,62 €/kg",Pasta mafalda corta Garofalo 500 g.,"Añadir
",https://www.carrefour.es/supermercado/la-despensa/cat20001/c?offset=552,,,,
180,"
1,65 €","0,75 €/l","Leche desnatada Central Lechera Asturiana botella 2,2 l.","Añadir
",https://www.carrefour.es/supermercado/la-despensa/cat20001/c?offset=552,,,,
181,"
3,19 €","4,91 €/kg",Fresas Carrefour Classic 650 g.,Congelado,"Añadir
",https://www.carrefour.es/supermercado/la-despensa/cat20001/c?offset=552,,,
182,"
1,73 €","13,31 €/kg",Tomate concentrado Mutti 130 g.,"Añadir
",https://www.carrefour.es/supermercado/la-despensa/cat20001/c?offset=552,,,,
183,"
1,99 €","9,95 €/kg",Crema de berenjenas asadas Mutabal Realfooding Shukran 200 g.,Sin gluten,Sin lactosa,"Añadir
",https://www.carrefour.es/supermercado/la-despensa/cat20001/c?offset=552,,
184,"
0,48 €",16 €/kg,Cebolla granulada Carrefour 30 g.,"Añadir
",https://www.carrefour.es/supermercado/la-despensa/cat20001/c?offset=576,,,,
185,"
5,99 €","4,28 €/kg",Yogur líquido con fresa y plátano Danone Actimel Kids sin gluten pack de 14 unidades de 100 g.,Sin gluten,Ver productos de la promoción,"Añadir
",https://www.carrefour.es/supermercado/la-despensa/cat20001/c?offset=576,,
186,"
1,62 €","10,80 €/kg",Aceitunas verdes rellenas de anchoa La Española sin gluten 150 g.,Sin gluten,"Añadir
",https://www.carrefour.es/supermercado/la-despensa/cat20001/c?offset=576,,,
187,"
0,99 €","0,99 €/kg",Yogur desnatado líquido de fresa sin azúcar añadido con edulcorante Carrefour 1 kg.,"Añadir
",https://www.carrefour.es/supermercado/la-despensa/cat20001/c?offset=576,,,,
188,"
0,69 €","1,38 €/kg",Macarrones rayados vegetales Carrefour 500 g.,"Añadir
",https://www.carrefour.es/supermercado/la-despensa/cat20001/c?offset=576,,,,
189,"
2,60 €","6,93 €/kg",Cereales integrales con chocolate Chocapic Nestlé 375 g.,Ver productos de la promoción,"Añadir
",https://www.carrefour.es/supermercado/la-despensa/cat20001/c?offset=576,,,
190,"
0,90 €",9 €/kg,Chocolate negro 72% con pepitas de cacao tostadas caramelizadas Carrefour 100 g.,"Añadir
",https://www.carrefour.es/supermercado/la-despensa/cat20001/c?offset=576,,,,
191,"
4,59 €","6,12 €/kg",Galletas rellenas de crema de chocolate Maxi Choc Príncipe pack de 3 unidades de 250 g.,"Añadir
",https://www.carrefour.es/supermercado/la-despensa/cat20001/c?offset=576,,,,
192,"
2,75 €","43,65 €/kg",Berberechos al natural Cabo de Peñas 63 g.,"Añadir
",https://www.carrefour.es/supermercado/la-despensa/cat20001/c?offset=600,,,,
193,"
2,83 €","2,83 €/docena",Huevos M camperos Quien es el Jefe 12 ud.,"Añadir
",https://www.carrefour.es/supermercado/la-despensa/cat20001/c?offset=600,,,,
194,"
1,15 €","1,15 €/l",Leche desnatada Pascual sin lactosa brik 1 l.,Sin lactosa,"Añadir
",https://www.carrefour.es/supermercado/la-despensa/cat20001/c?offset=600,,,
195,"
2,85 €","7,92 €/kg",Crema de cacao y leche con avellanas Nocilla sin gluten y sin aceite de palma 360 g.,Sin gluten,"Añadir
",https://www.carrefour.es/supermercado/la-despensa/cat20001/c?offset=600,,,
196,"
4,15 €","10,37 €/kg",Nuggets rebozado fino Recetas Crujientes La Cocinera 400 g.,Congelado,"Añadir
",https://www.carrefour.es/supermercado/la-despensa/cat20001/c?offset=600,,,
197,"
3,29 €","7,31 €/kg",Cereales de maíz tostados y azucarados Frosties Kellogg's 450 g.,"Añadir
",https://www.carrefour.es/supermercado/la-despensa/cat20001/c?offset=600,,,,
198,"
2,69 €","2,69 €/kg",Lenteja pardina categoría extra De Nuestra Tierra 1 kg.,"Añadir
",https://www.carrefour.es/supermercado/la-despensa/cat20001/c?offset=600,,,,
199,"
0,60 €",4 €/kg,Aros de chocolate blanco Carrefour 150 g.,"Añadir
",https://www.carrefour.es/supermercado/la-despensa/cat20001/c?offset=600,,,,
200,"
1,57 €","17,44 €/kg",Almendras crudas sin cáscara sin sal añadida ecológicas Carrefour Bio 90 g.,Bio,"Añadir
",https://www.carrefour.es/supermercado/la-despensa/cat20001/c?offset=624,,,
201,"
1,70 €",4 €/kg,Garbanzos con espinacas Litoral 425 g.,"Añadir
",https://www.carrefour.es/supermercado/la-despensa/cat20001/c?offset=624,,,,
202,"
1,44 €","1,44 €/l",Leche desnatada con calcio Pascual brik 1 l.,"Añadir
",https://www.carrefour.es/supermercado/la-despensa/cat20001/c?offset=624,,,,
203,"
2,95 €","11,80 €/kg",Tortellini de jamón y queso Rana 250 g.,"Añadir
",https://www.carrefour.es/supermercado/la-despensa/cat20001/c?offset=624,,,,
204,"
0,85 €","0,85 €/l",Bebida de soja con calcio Carrefour sin gluten brik 1 l.,Sin gluten,"Añadir
",https://www.carrefour.es/supermercado/la-despensa/cat20001/c?offset=624,,,
205,"
1,30 €","2,60 €/kg",Kéfir natural Carrefour Sensation 500 g.,"Añadir
",https://www.carrefour.es/supermercado/la-despensa/cat20001/c?offset=624,,,,
206,"
1,38 €","12,55 €/kg",Espárrago blanco cortos extra Carretilla 110 g.,"Añadir
",https://www.carrefour.es/supermercado/la-despensa/cat20001/c?offset=624,,,,
207,"
2,14 €","2,23 €/kg","Yogur de fresa, de plátano, de macedonia y de tarta de queso Danone pack de 8 unidades de 120 g.","Añadir
",https://www.carrefour.es/supermercado/la-despensa/cat20001/c?offset=624,,,,
208,"
2,95 €","5,36 €/kg",Kétchup 50% menos azúcar Heinz envase 550 g.,"Añadir
",https://www.carrefour.es/supermercado/la-despensa/cat20001/c?offset=648,,,,
209,"
1,99 €","3,98 €/kg",Cereales ecológicos Corn Flakes Carrefour Bio 500 g.,Bio,"Añadir
",https://www.carrefour.es/supermercado/la-despensa/cat20001/c?offset=648,,,
210,"
2,39 €","4,98 €/kg",Yogur bífidus de fibras con avena y nueces Danone Activia pack de 4 unidades de 120 g.,"Añadir
",https://www.carrefour.es/supermercado/la-despensa/cat20001/c?offset=648,,,,
211,"
5,99 €","4,28 €/kg",Yogur L.Casei líquido desnatado natural Danone Actimel pack de 14 unidades de 100 g.,Ver productos de la promoción,"Añadir
",https://www.carrefour.es/supermercado/la-despensa/cat20001/c?offset=648,,,
212,"
1,61 €","1,61 €/kg",Arroz blanco precocido Carrefour pack de 6 unidades de 167 g.,"Añadir
",https://www.carrefour.es/supermercado/la-despensa/cat20001/c?offset=648,,,,
213,"
1,40 €","3,50 €/l",Jugo de coco Carrefour 400 ml.,"Añadir
",https://www.carrefour.es/supermercado/la-despensa/cat20001/c?offset=648,,,,
214,"
2,09 €","6,53 €/kg",Yogur de proteínas sabor vainilla Danone Yopro sin gluten pack de 2 unidades de 160 g.,Sin gluten,"Añadir
",https://www.carrefour.es/supermercado/la-despensa/cat20001/c?offset=648,,,
215,"
0,69 €","9,72 €/kg",Pasta oriental noodles sabor pollo Maggi Fusian sin aceite de palma 71 g.,"Añadir
",https://www.carrefour.es/supermercado/la-despensa/cat20001/c?offset=648,,,,
216,"
1,15 €","5,75 €/l",Nata para cocinar Central Lechera Asturiana sin gluten sin lactosa 200 ml.,Sin gluten,Sin lactosa,"Añadir
",https://www.carrefour.es/supermercado/la-despensa/cat20001/c?offset=672,,
217,"
3,20 €","2,75 €","18,82 €/kg
 | 
16,18 €/kg",Gyoza de carne al vapor Ta-Tung 170 g.,Ver productos de la promoción,"Añadir
",https://www.carrefour.es/supermercado/la-despensa/cat20001/c?offset=672,,
218,"
2,09 €","10,45 €/kg",Anacardos fritos y salados Carrefour 200 g.,"Añadir
",https://www.carrefour.es/supermercado/la-despensa/cat20001/c?offset=672,,,,
219,"
2,99 €","5,98 €/kg",Tagliatelle nido Garofalo 500 g.,"Añadir
",https://www.carrefour.es/supermercado/la-despensa/cat20001/c?offset=672,,,,
220,"
2,05 €","4,77 €/kg",Alubias a la vasca Litoral 430 g.,Sin gluten,"Añadir
",https://www.carrefour.es/supermercado/la-despensa/cat20001/c?offset=672,,,
221,"
2,05 €","4,10 €/l",Crema de calabaza con un suave toque de nata Knorr 500 ml.,Ver productos de la promoción,"Añadir
",https://www.carrefour.es/supermercado/la-despensa/cat20001/c?offset=672,,,
222,"
1,62 €","2,70 €/kg",Tomate frito Solis pack 3 de 200 g.,"Añadir
",https://www.carrefour.es/supermercado/la-despensa/cat20001/c?offset=672,,,,
223,"
2,09 €","4,18 €/l",Salsa Ligeresa envase 500 ml.,Ver productos de la promoción,"Añadir
",https://www.carrefour.es/supermercado/la-despensa/cat20001/c?offset=672,,,
224,"
1,82 €","5,52 €/kg",Pizza prosciutto Carrefour 330 g.,Congelado,"Añadir
",https://www.carrefour.es/supermercado/la-despensa/cat20001/c?offset=696,,,
225,"
1,10 €","3,67 €/kg",Azúcar blanco en azucaritos Azucarera 300 g.,"Añadir
",https://www.carrefour.es/supermercado/la-despensa/cat20001/c?offset=696,,,,
226,"
2,99 €","4,98 €/kg",Yogur L.Casei líquido natural Danone Actimel pack de 6 unidades de 100 g.,"Añadir
",https://www.carrefour.es/supermercado/la-despensa/cat20001/c?offset=696,,,,
227,"
6,69 €","6,19 €","3,34 €/l
 | 
3,09 €/l",Caldo natural de verduras Aneto sin gluten y sin lactosa pack de 2 briks de 1 l.,Sin gluten,Sin lactosa,Ver productos de la promoción,"Añadir
",https://www.carrefour.es/supermercado/la-despensa/cat20001/c?offset=696
228,"
2,29 €","5,72 €/kg",Flan de queso Danone sin gluten pack de 4 unidades de 100 g.,Sin gluten,"Añadir
",https://www.carrefour.es/supermercado/la-despensa/cat20001/c?offset=696,,,
229,"
0,99 €","2,33 €/kg",Espinacas sin sal añadida Carrefour 425 g.,"Añadir
",https://www.carrefour.es/supermercado/la-despensa/cat20001/c?offset=696,,,,
230,"
5,75 €","23,96 €/kg",Mejillones de las rías gallegas en escabeche Calvo sin gluten y sin lactosa pack de 6 unidades de 40 g.,Sin gluten,Sin lactosa,Ver productos de la promoción,"Añadir
",https://www.carrefour.es/supermercado/la-despensa/cat20001/c?offset=696,
231,"
1,06 €","3,21 €/kg",Mostaza original Prima envase 330 g.,Sin gluten,Ver productos de la promoción,"Añadir
",https://www.carrefour.es/supermercado/la-despensa/cat20001/c?offset=696,,
232,"
5,40 €","6,92 €/kg",Crema de cacao con avellanas original Nocilla sin gluten y sin aceite de palma 780 g.,Sin gluten,"Añadir
",https://www.carrefour.es/supermercado/la-despensa/cat20001/c?offset=720,,,
233,"
1,45 €","6,30 €/kg",Guisantes extra finos ecológico Carrefour Bio 230 g.,Bio,"Añadir
",https://www.carrefour.es/supermercado/la-despensa/cat20001/c?offset=720,,,
234,"
2,69 €","8,41 €/kg",Galletas con pepitas de chocolate Mini Chips Ahoy 320 g.,"Añadir
",https://www.carrefour.es/supermercado/la-despensa/cat20001/c?offset=720,,,,
235,"
4,55 €","4,29 €","21,98 €/kg
 | 
20,72 €/kg",Mejillones de las rías gallegas en escabeche Calvo sin gluten y sin lactosa pack de 3 unidades de 69 g.,Sin gluten,Sin lactosa,Ver productos de la promoción,"Añadir
",https://www.carrefour.es/supermercado/la-despensa/cat20001/c?offset=720
236,"
2,05 €","8,99 €/kg",Mousse de chocolate crujiente Nestlé Gold pack de 4 unidades de 57 g.,"Añadir
",https://www.carrefour.es/supermercado/la-despensa/cat20001/c?offset=720,,,,
237,"
2,65 €","2,65 €/kg",Arroz bomba para paella categoría extra Carrefour 1 kg.,"Añadir
",https://www.carrefour.es/supermercado/la-despensa/cat20001/c?offset=720,,,,
238,"
2,89 €","10,70 €/kg",Piccolinis 3 quesos Buitoni pack de 3 unidades de 90 g.,Ver productos de la promoción,"Añadir
",https://www.carrefour.es/supermercado/la-despensa/cat20001/c?offset=720,,,
239,"
2,63 €","6,05 €/kg",Pizza barbacoa Casa Tarradellas 440 g.,"Añadir
",https://www.carrefour.es/supermercado/la-despensa/cat20001/c?offset=720,,,,
240,"
3,15 €","3,15 €/l","Crema de Alicia de calabaza, zanahoria y guisantes Knorr 1 l.",Ver productos de la promoción,"Añadir
",https://www.carrefour.es/supermercado/la-despensa/cat20001/c?offset=744,,,
241,"
5,59 €","2,79 €/l",Caldo para paella fácil Gallina Blanca sin gluen pack de 2 briks de 1 l.,Sin gluten,"Añadir
",https://www.carrefour.es/supermercado/la-despensa/cat20001/c?offset=744,,,
242,"
0,99 €","3,30 €/kg",Kétchup Orlando Barrilito 300 g.,"Añadir
",https://www.carrefour.es/supermercado/la-despensa/cat20001/c?offset=744,,,,
243,"
0,90 €",6 €/kg,Patatas fritas sabor Campesina Carrefour 150 g.,"Añadir
",https://www.carrefour.es/supermercado/la-despensa/cat20001/c?offset=744,,,,
244,"
1,10 €","1,10 €/l",Bebida de almendras sin azúcar añadido Vegye sin gluten brik 1 l.,Sin gluten,"Añadir
",https://www.carrefour.es/supermercado/la-despensa/cat20001/c?offset=744,,,
245,"
1,55 €","2,38 €/kg",Mermelada de fresa catgoría extra Carrefour 650 g.,"Añadir
",https://www.carrefour.es/supermercado/la-despensa/cat20001/c?offset=744,,,,
246,"
2,05 €","12,06 €/kg",Chocolate con leche para repostería Nestlé Postres sin gluten 170 g.,Sin gluten,"Añadir
",https://www.carrefour.es/supermercado/la-despensa/cat20001/c?offset=744,,,
247,"
1,42 €","3,55 €/kg",Garbanzo castellano cocido De Nuestra Tierra 400 g.,"Añadir
",https://www.carrefour.es/supermercado/la-despensa/cat20001/c?offset=744,,,,
248,"
3,95 €","11,76 €/kg",Atún claro al natural Carrefour pack de 3 latas de 104 g.,"Añadir
",https://www.carrefour.es/supermercado/la-despensa/cat20001/c?offset=768,,,,
249,"
0,78 €","0,78 €/l",Leche semidesnatada fresca Carrefour botella 1 l.,"Añadir
",https://www.carrefour.es/supermercado/la-despensa/cat20001/c?offset=768,,,,
250,"
1,15 €","2,30 €/kg",Yogur griego bicapa de fresa Carrefour pack de 4 unidades de 125 g.,"Añadir
",https://www.carrefour.es/supermercado/la-despensa/cat20001/c?offset=768,,,,
251,"
2,49 €","2,29 €","15,56 €/kg
 | 
14,31 €/kg",Galletas rellenas con crema de cacao Nocilla sin aceite de palma 160 g.,Ver productos de la promoción,"Añadir
",https://www.carrefour.es/supermercado/la-despensa/cat20001/c?offset=768,,
252,"
2,35 €","7,23 €/kg",Espárragos blancos gruesos 6/12 Carrefour 325 g.,"Añadir
",https://www.carrefour.es/supermercado/la-despensa/cat20001/c?offset=768,,,,
253,"
0,99 €","1,24 €/kg",Tomate natural triturado extra Orlando 800 g.,Sin gluten,Sin lactosa,"Añadir
",https://www.carrefour.es/supermercado/la-despensa/cat20001/c?offset=768,,
254,"
1,65 €","11,79 €/kg",Nachos sabor chilli Doritos 140 g.,"Añadir
",https://www.carrefour.es/supermercado/la-despensa/cat20001/c?offset=768,,,,
255,"
8,81 €","29,37 €/kg",Café soluble descafeinado classic Nescafé 300 g.,"Añadir
",https://www.carrefour.es/supermercado/la-despensa/cat20001/c?offset=768,,,,
256,"
0,99 €","4,95 €/kg",Ladrillos de goma sabor fresa y pica pica Carrefour sin gluten 200 g.,Sin gluten,"Añadir
",https://www.carrefour.es/supermercado/la-despensa/cat20001/c?offset=792,,,
257,"
1,28 €","4,27 €/kg",Salsa de tomate De la Abuela Carrefour tarro 300 g.,"Añadir
",https://www.carrefour.es/supermercado/la-despensa/cat20001/c?offset=792,,,,
258,"
2,39 €","15,32 €/kg",Bonito del norte en aceite de oliva Carrefour pack de 3 latas de 52 g.,"Añadir
",https://www.carrefour.es/supermercado/la-despensa/cat20001/c?offset=792,,,,
259,"
2,99 €","5,98 €/l",Aceite de oliva virgen extra ecológico Carrefour Bio 500 ml.,Bio,"Añadir
",https://www.carrefour.es/supermercado/la-despensa/cat20001/c?offset=792,,,
260,"
0,85 €","5,67 €/kg",Nachos Tex Mex sabor queso Carrefour 150 g.,"Añadir
",https://www.carrefour.es/supermercado/la-despensa/cat20001/c?offset=792,,,,
261,"
2,39 €","4,98 €/kg",Yogur bífidus desnatado con lima y limón Danone Activia sin gluten pack de 4 unidades de 120 g.,Sin gluten,"Añadir
",https://www.carrefour.es/supermercado/la-despensa/cat20001/c?offset=792,,,
262,"
1,49 €","1,49 €/kg",Harina de trigo ecológica Carrefour 1 kg.,Bio,Sin lactosa,"Añadir
",https://www.carrefour.es/supermercado/la-despensa/cat20001/c?offset=792,,
263,"
2,39 €","4,98 €/kg",Yogur bífidus con frutos del bosque Danone Activia sin gluten pack de 4 unidades de 120 g.,Sin gluten,"Añadir
",https://www.carrefour.es/supermercado/la-despensa/cat20001/c?offset=792,,,
264,"
1,48 €","1,48 €/l",Bebida de soja clásica sin azúcar ViveSoy brik 1 l.,Sin gluten,Sin lactosa,Ver productos de la promoción,"Añadir
",https://www.carrefour.es/supermercado/la-despensa/cat20001/c?offset=816,
265,"
4,05 €","6,75 €/kg",Cereales integrales con chocolate negro Fitness Nestlé 600 g.,"Añadir
",https://www.carrefour.es/supermercado/la-despensa/cat20001/c?offset=816,,,,
266,"
1,76 €","3,91 €/kg",Pisto de verduras Carrefour 450 g.,"Añadir
",https://www.carrefour.es/supermercado/la-despensa/cat20001/c?offset=816,,,,
267,"
3,70 €","3,70 €/l",Caldo natural de pollo Aneto sin gluten y sin lactosa brik 1 l.,Sin gluten,Sin lactosa,"Añadir
",https://www.carrefour.es/supermercado/la-despensa/cat20001/c?offset=816,,
268,"
2,85 €","8,64 €/kg",Galletas doradas al horno sin azúcares Zero Gullón 330 g.,Ver productos de la promoción,"Añadir
",https://www.carrefour.es/supermercado/la-despensa/cat20001/c?offset=816,,,
269,"
2,54 €","25,40 €/kg",Chocolate negro 85% Lindt Excellence 100 g.,"Añadir
",https://www.carrefour.es/supermercado/la-despensa/cat20001/c?offset=816,,,,
270,"
1,52 €","25,33 €/kg",Sardinillas en aceite de oliva Calvo 60 g.,Sin lactosa,Ver productos de la promoción,"Añadir
",https://www.carrefour.es/supermercado/la-despensa/cat20001/c?offset=816,,
271,"
2,19 €","10,95 €/l",Nata para cocinar fresca Président 200 ml.,"Añadir
",https://www.carrefour.es/supermercado/la-despensa/cat20001/c?offset=816,,,,
272,"
1,45 €","17,26 €/kg",Pechuga de pollo al natural Carrefour pack de 2 latas de 42 g.,"Añadir
",https://www.carrefour.es/supermercado/la-despensa/cat20001/c?offset=840,,,,
273,"
3,49 €","11,63 €/kg",Cacao 0% azúcares añadidos Cola Cao 300 g.,"Añadir
",https://www.carrefour.es/supermercado/la-despensa/cat20001/c?offset=840,,,,
274,"
1,20 €","2,67 €/kg",Pasta tiburón nº 1 Gallo 450 g.,"Añadir
",https://www.carrefour.es/supermercado/la-despensa/cat20001/c?offset=840,,,,
275,"
1,30 €","2,89 €/kg",Leche condensada Carrefour 450 g.,"Añadir
",https://www.carrefour.es/supermercado/la-despensa/cat20001/c?offset=840,,,,
276,"
2,69 €","5,17 €/kg",Base de pizza La Cocinera pack de 4 unidades de 130 g.,"Añadir
",https://www.carrefour.es/supermercado/la-despensa/cat20001/c?offset=840,,,,
277,"
1,44 €","5,76 €/l",Salsa burger Hellmann's envase 250 ml.,Ver productos de la promoción,"Añadir
",https://www.carrefour.es/supermercado/la-despensa/cat20001/c?offset=840,,,
278,"
1,62 €","14,09 €/kg",Snaks favoritos mix Cheetos 115 g.,"Añadir
",https://www.carrefour.es/supermercado/la-despensa/cat20001/c?offset=840,,,,
279,"
1,49 €","1,49 €/l",Preparado lácteo con nueces Omega 3 Puleva brik 1 l.,"Añadir
",https://www.carrefour.es/supermercado/la-despensa/cat20001/c?offset=840,,,,
280,"
2,09 €","5,22 €/kg",Quinoa blanca ecológica Carrefour Bio 400 g.,Bio,"Añadir
",https://www.carrefour.es/supermercado/la-despensa/cat20001/c?offset=864,,,
281,"
3,95 €","9,87 €/kg",Pimiento del piquillo relleno de bacalao congelados 400 g,"Añadir
",https://www.carrefour.es/supermercado/la-despensa/cat20001/c?offset=864,,,,
282,"
0,95 €","13,97 €/kg",Mejillones en escabeche tamaño pequeño sin gluten 69 g.,Sin gluten,"Añadir
",https://www.carrefour.es/supermercado/la-despensa/cat20001/c?offset=864,,,
283,"
3,35 €","3,35 €/kg",Penne rigate Barilla 1 kg.,"Añadir
",https://www.carrefour.es/supermercado/la-despensa/cat20001/c?offset=864,,,,
284,"
3,89 €","5,98 €/kg",Tortilla casera con cebolla y huevos camperos Palacios sin gluten sin lactosa 650 g.,Sin gluten,Sin lactosa,"Añadir
",https://www.carrefour.es/supermercado/la-despensa/cat20001/c?offset=864,,
285,"
5,25 €","4,65 €","6,25 €/kg
 | 
5,54 €/kg",Maiz Bonduelle pack de 6x140 g.,Ver productos de la promoción,"Añadir
",https://www.carrefour.es/supermercado/la-despensa/cat20001/c?offset=864,,
286,"
4,09 €","3,95 €","6,06 €/kg
 | 
5,85 €/kg",Cereales integrales con chocolate y caramelo Lion Nestlé 675 g.,Ver productos de la promoción,"Añadir
",https://www.carrefour.es/supermercado/la-despensa/cat20001/c?offset=864,,
287,"
2,09 €","4,35 €/kg",Yogur desnatado cremoso natural edulcorado sin azúcar añadido Danone Vitalinea pack de 4 unidades de 120 g.,"Añadir
",https://www.carrefour.es/supermercado/la-despensa/cat20001/c?offset=864,,,,
288,"
0,77 €","17,11 €/kg",Té verde en bolsitas Carrefour 30 ud.,"Añadir
",https://www.carrefour.es/supermercado/la-despensa/cat20001/c?offset=888,,,,
289,"
2,29 €","5,09 €/kg",Leche condensada Nestlé La Lechera 450 g.,"Añadir
",https://www.carrefour.es/supermercado/la-despensa/cat20001/c?offset=888,,,,
290,"
2,09 €","4,18 €/kg",Yogur natural Pastoret 500 g.,"Añadir
",https://www.carrefour.es/supermercado/la-despensa/cat20001/c?offset=888,,,,
291,"
0,72 €",9 €/kg,Chocolate negro 72% Carrefour Selección 80 g.,"Añadir
",https://www.carrefour.es/supermercado/la-despensa/cat20001/c?offset=888,,,,
292,"
0,74 €","5,69 €/kg",Guindillas en vinagre Carrefour 130 g.,"Añadir
",https://www.carrefour.es/supermercado/la-despensa/cat20001/c?offset=888,,,,
293,"
2,09 €","10,45 €/kg",Hummus de trufa con aceite de oliva virgen extra Shukran sin gluten sin lactosa 200 g.,Sin gluten,Sin lactosa,"Añadir
",https://www.carrefour.es/supermercado/la-despensa/cat20001/c?offset=888,,
294,"
1,49 €","5,96 €/kg",Turrón de chocolate blanco crujiente Carrefour sin gluten 250 g.,Sin gluten,"Añadir
",https://www.carrefour.es/supermercado/la-despensa/cat20001/c?offset=888,,,
295,"
0,45 €",25 €/kg,Tomillo Carrefour 18 g.,"Añadir
",https://www.carrefour.es/supermercado/la-despensa/cat20001/c?offset=888,,,,
296,"
0,93 €","4,65 €/kg",Pipas gigantes aguasal Carrefour 200 g.,"Añadir
",https://www.carrefour.es/supermercado/la-despensa/cat20001/c?offset=912,,,,
297,"
3,24 €","9,26 €/kg",Pizza de pollo y verduras fina y crujiente Forno di Pietra Buitoni 350 g.,Congelado,Ver productos de la promoción,"Añadir
",https://www.carrefour.es/supermercado/la-despensa/cat20001/c?offset=912,,
298,"
4,39 €","2,44 €/kg",Galletas María Fontaneda 1800 g.,"Añadir
",https://www.carrefour.es/supermercado/la-despensa/cat20001/c?offset=912,,,,
299,"
1,61 €","3,22 €/kg",Penne rigate nº 73 Barilla 500 g.,"Añadir
",https://www.carrefour.es/supermercado/la-despensa/cat20001/c?offset=912,,,,
300,"
1,25 €","1,25 €/ud",Tortillas de harina de trigo integral Carrefour 320 g,"Añadir
",https://www.carrefour.es/supermercado/la-despensa/cat20001/c?offset=912,,,,
301,"
1,06 €","2,65 €/kg",Tomate natural triturado estilo casero Orlando sin lactosa 400 g.,Sin lactosa,"Añadir
",https://www.carrefour.es/supermercado/la-despensa/cat20001/c?offset=912,,,
302,"
3,29 €","6,27 €/kg",Galletas 0% azúcares añadidos Chiquilín 525 g.,"Añadir
",https://www.carrefour.es/supermercado/la-despensa/cat20001/c?offset=912,,,,
303,"
2,89 €","2,69 €","6,88 €/kg
 | 
6,40 €/kg",Cereales integrales Golden Grahams Nestlé 420 g.,Ver productos de la promoción,"Añadir
",https://www.carrefour.es/supermercado/la-despensa/cat20001/c?offset=912,,
304,"
2,99 €","3,11 €/kg",Natillas de chocolate Danone Danet pack de 8 unidades de 120 g.,"Añadir
",https://www.carrefour.es/supermercado/la-despensa/cat20001/c?offset=936,,,,
305,"
0,95 €","7,92 €/kg",Patatas fritas tipo paja Carrefour 120 g.,"Añadir
",https://www.carrefour.es/supermercado/la-despensa/cat20001/c?offset=936,,,,
306,"
4,78 €","19,12 €/kg",Turrón blando Delaviuda sin gluten 250 g.,Sin gluten,Ver productos de la promoción,"Añadir
",https://www.carrefour.es/supermercado/la-despensa/cat20001/c?offset=936,,
307,"
1,77 €","3,54 €/kg",Fettuccine al huevo Gallo 450 g.,"Añadir
",https://www.carrefour.es/supermercado/la-despensa/cat20001/c?offset=936,,,,
308,"
1,59 €","6,21 €/kg",Yogur de vainilla con grageas de chocolate Nestlé Smarties pack de 2 unidades de 128 g.,"Añadir
",https://www.carrefour.es/supermercado/la-despensa/cat20001/c?offset=936,,,,
309,"
1,24 €","2,82 €/kg",Garbanzos de la abuela litoral sin gluten 440 g.,Sin gluten,"Añadir
",https://www.carrefour.es/supermercado/la-despensa/cat20001/c?offset=936,,,
310,"
3,50 €","3,50 €/kg",Garbanzo categoría extra Luengo 1 kg.,Ver productos de la promoción,"Añadir
",https://www.carrefour.es/supermercado/la-despensa/cat20001/c?offset=936,,,
311,"
0,71 €","3,55 €/kg",Cacahuetes fritos sin sal añadida Carrefour 200 g.,"Añadir
",https://www.carrefour.es/supermercado/la-despensa/cat20001/c?offset=936,,,,
312,"
1,99 €","1,66 €/l",Batido de vainilla Puleva sin gluten pack de 6 briks de 200 ml.,Sin gluten,"Añadir
",https://www.carrefour.es/supermercado/la-despensa/cat20001/c?offset=960,,,
313,"
3,99 €","6,65 €/kg",Yogur líquido de lima-limón sin azúcar añadido Danone Danacol sin gluten pack de 6 unidades de 100 g.,Sin gluten,"Añadir
",https://www.carrefour.es/supermercado/la-despensa/cat20001/c?offset=960,,,
314,"
2,09 €","4,75 €/kg",Flan de huevo al baño María Dhul pack de 4 unidades de 110 g.,"Añadir
",https://www.carrefour.es/supermercado/la-despensa/cat20001/c?offset=960,,,,
315,"
1,39 €","12,64 €/kg",Pepinillos Carrefour Selección 110 g.,"Añadir
",https://www.carrefour.es/supermercado/la-despensa/cat20001/c?offset=960,,,,
316,"
0,36 €","1,44 €/kg",Sal marina fina Carrefour 250 g.,"Añadir
",https://www.carrefour.es/supermercado/la-despensa/cat20001/c?offset=960,,,,
317,"
1,59 €","6,36 €/kg",Turrón de coco Sensation Carrefour sin gluten 250 g.,Sin gluten,Ver productos de la promoción,"Añadir
",https://www.carrefour.es/supermercado/la-despensa/cat20001/c?offset=960,,
318,"
1,42 €","3,55 €/kg",Lenteja pardina categoría extra De Nuestra Tierra 400 g.,"Añadir
",https://www.carrefour.es/supermercado/la-despensa/cat20001/c?offset=960,,,,
319,"
1,70 €","3,95 €/kg",Lentejas con verduras Litoral 430 g.,Sin gluten,Sin lactosa,"Añadir
",https://www.carrefour.es/supermercado/la-despensa/cat20001/c?offset=960,,
320,"
1,32 €","2,20 €/kg",Postre de soja natural Carrefour Sensation sin gluten pack de 4 unidades de 100 g.,Sin gluten,"Añadir
",https://www.carrefour.es/supermercado/la-despensa/cat20001/c?offset=984,,,
321,"
1,50 €",5 €/kg,Patatas fritas a la sartén Carrefour pack de 2 bolsas de 150 g.,"Añadir
",https://www.carrefour.es/supermercado/la-despensa/cat20001/c?offset=984,,,,
322,"
3,75 €","72,12 €/kg","Café ristretto descafeinado en cápsulas L'Or Espresso compatible con Nespresso 10 unidades de 5,2 g.",Ver productos de la promoción,"Añadir
",https://www.carrefour.es/supermercado/la-despensa/cat20001/c?offset=984,,,
323,"
3,85 €","24,06 €/kg",Bocados originales de Heüra sin gluten 160 g.,Sin gluten,"Añadir
",https://www.carrefour.es/supermercado/la-despensa/cat20001/c?offset=984,,,
324,"
0,99 €","6,19 €/kg",Tiramisú Carrefour Original pack de 2 unidades de 80 g.,"Añadir
",https://www.carrefour.es/supermercado/la-despensa/cat20001/c?offset=984,,,,
325,"
2,69 €","20,69 €/kg",Atún claro en aceite de oliva Carrefour 130 g.,"Añadir
",https://www.carrefour.es/supermercado/la-despensa/cat20001/c?offset=984,,,,
326,"
1,82 €","5,20 €/kg",Pizza de atún Carrefour 350 g.,Congelado,"Añadir
",https://www.carrefour.es/supermercado/la-despensa/cat20001/c?offset=984,,,
327,"
0,55 €","7,75 €/kg",Sopa jardinera Gallina Blanca sin lactosa 71 g.,Sin lactosa,"Añadir
",https://www.carrefour.es/supermercado/la-despensa/cat20001/c?offset=984,,,
328,"
1,49 €","1,49 €/kg",Calabacín Carrefour a granel 1 kg aprox,"Añadir
",https://www.carrefour.es/supermercado/productos-frescos/cat20002/c?offset=24,,,,
329,"
1,65 €","2,20 €/kg",Puerro manojo de 750 g aprox ,"Añadir
",https://www.carrefour.es/supermercado/productos-frescos/cat20002/c?offset=24,,,,
330,"
1,65 €","1,65 €/kg",Tomate ensalada 1 kg aprox,"Añadir
",https://www.carrefour.es/supermercado/productos-frescos/cat20002/c?offset=24,,,,
331,"
1,95 €","1,30 €/kg","Manzana Golden Carrefour 1,5 kg","Añadir
",https://www.carrefour.es/supermercado/productos-frescos/cat20002/c?offset=24,,,,
332,"
1,69 €","8,45 €/kg",Bacon en lonchas Carrefour sin gluten 200 g.,Sin gluten,"Añadir
",https://www.carrefour.es/supermercado/productos-frescos/cat20002/c?offset=24,,,
333,"
3,99 €","11,08 €/kg",Espetec Casa Tarradellas sin gluten pack de 2 unidades de 360 g.,Sin gluten,"Añadir
",https://www.carrefour.es/supermercado/productos-frescos/cat20002/c?offset=24,,,
334,"
1,69 €","1,69 €/kg",Manzana royal gala Círculo de Calidad 1 Kg aprox,"Añadir
",https://www.carrefour.es/supermercado/productos-frescos/cat20002/c?offset=24,,,,
335,"
1,13 €","5,65 €/kg",Queso rallado emmental Carrefour 200 g.,"Añadir
",https://www.carrefour.es/supermercado/productos-frescos/cat20002/c?offset=24,,,,
336,"
3,37 €","6,75 €/kg","Dorada de ración Carrefour 500 g aprox
Tipo de corte:
Entero",Entero limpio,Rodajas,Filetes,Espalda con espina,"Añadir
",https://www.carrefour.es/supermercado/productos-frescos/cat20002/c?offset=48
337,"
3,77 €","6,29 €/kg",Solomillo de pavo Carrefour duplo 600 g aprox,"Añadir
",https://www.carrefour.es/supermercado/productos-frescos/cat20002/c?offset=48,,,,
338,"
3,79 €","3,79 €/kg",Kiwi Zespri 1 Kg aprox,"Añadir
",https://www.carrefour.es/supermercado/productos-frescos/cat20002/c?offset=48,,,,
339,"
3,99 €","6,65 €/kg",Filete de Merluza del Cabo Carrefour 600 g.,Congelado,"Añadir
",https://www.carrefour.es/supermercado/productos-frescos/cat20002/c?offset=48,,,
340,"
1,75 €","2,92 €/kg",Pimiento tricolor Carrefour 3 ud 600 g,"Añadir
",https://www.carrefour.es/supermercado/productos-frescos/cat20002/c?offset=48,,,,
341,"
5,85 €","5,85 €/kg",Solomillo de cerdo Carrefour 2 ud 1 kg aprox,"Añadir
",https://www.carrefour.es/supermercado/productos-frescos/cat20002/c?offset=48,,,,
342,"
0,99 €","1,98 €/kg",Cebolla roja Carrefour 500 g,"Añadir
",https://www.carrefour.es/supermercado/productos-frescos/cat20002/c?offset=48,,,,
343,"
1,79 €","1,79 €/kg",Pimiento rojo Carrefour a granel 1 kg aprox,"Añadir
",https://www.carrefour.es/supermercado/productos-frescos/cat20002/c?offset=48,,,,
344,"
1,19 €","3,40 €/kg",Croissants clásicos Carrefour Classic 350 g.,"Añadir
",https://www.carrefour.es/supermercado/productos-frescos/cat20002/c?offset=72,,,,
345,"
1,07 €","5,35 €/kg",Queso edam en lonchas Carrefour 200 g.,"Añadir
",https://www.carrefour.es/supermercado/productos-frescos/cat20002/c?offset=72,,,,
346,"
3,99 €","6,65 €/kg",Cinta de lomo de cerdo extratiernos El Pozo 600 g,"Añadir
",https://www.carrefour.es/supermercado/productos-frescos/cat20002/c?offset=72,,,,
347,"
1,64 €","10,93 €/kg",Jamón curado en tiras Carrefour 150 g.,"Añadir
",https://www.carrefour.es/supermercado/productos-frescos/cat20002/c?offset=72,,,,
348,"
1,10 €","1,10 €/kg",Guisantes Carrefour 1 kg.,"Añadir
",https://www.carrefour.es/supermercado/productos-frescos/cat20002/c?offset=72,,,,
349,"
1,79 €","3,58 €/kg",Uva rosada sin pepitas Carrefour bandeja de 500 g,"Añadir
",https://www.carrefour.es/supermercado/productos-frescos/cat20002/c?offset=72,,,,
350,"
2,69 €","11,96 €/kg",Arándanos Carrefour 225 g,"Añadir
",https://www.carrefour.es/supermercado/productos-frescos/cat20002/c?offset=72,,,,
351,"
2,37 €","7,90 €/kg",Carne de añojo troceada para guisar Calidad y Origen Carrefour 300 g aprox,"Añadir
",https://www.carrefour.es/supermercado/productos-frescos/cat20002/c?offset=72,,,,
352,"
1,79 €","6,39 €/kg",Chorizo extra dulce Carrefour sin gluten sin lactosa 280 g.,Sin gluten,Sin lactosa,"Añadir
",https://www.carrefour.es/supermercado/productos-frescos/cat20002/c?offset=96,,
353,"
1,12 €","1,25 €/kg",Arreglo para cocido Carrefour 900 g aprox,"Añadir
",https://www.carrefour.es/supermercado/productos-frescos/cat20002/c?offset=96,,,,
354,"
1,11 €","8,88 €/kg",Canónigos Carrefour 125 g,"Añadir
",https://www.carrefour.es/supermercado/productos-frescos/cat20002/c?offset=96,,,,
355,"
2,29 €","2,29 €/kg",Plátano de Canarias cat 1ª 1 kg aprox,"Añadir
",https://www.carrefour.es/supermercado/productos-frescos/cat20002/c?offset=96,,,,
356,"
0,99 €","2,20 €/kg",Pan de molde sin corteza Carrefour 450 g.,"Añadir
",https://www.carrefour.es/supermercado/productos-frescos/cat20002/c?offset=96,,,,
357,"
1,25 €","2,50 €/kg",Tomate kumato 500 g,"Añadir
",https://www.carrefour.es/supermercado/productos-frescos/cat20002/c?offset=96,,,,
358,"
1,08 €","5,40 €/kg",Ensalada gourmet Carrefour 200 g,"Añadir
",https://www.carrefour.es/supermercado/productos-frescos/cat20002/c?offset=96,,,,
359,"
1,79 €","3,58 €/kg",Corazón de cogollos de lechuga Círculo de Calidad 500 g,"Añadir
",https://www.carrefour.es/supermercado/productos-frescos/cat20002/c?offset=96,,,,
360,"
1,38 €","13,80 €/kg",Queso rallado en polvo especial pasta El Caserío 100 g.,"Añadir
",https://www.carrefour.es/supermercado/productos-frescos/cat20002/c?offset=120,,,,
361,"
0,93 €","3,72 €/kg","Queso fresco de Burgos Carrefour pack de 4 unidades de 62,5 g.","Añadir
",https://www.carrefour.es/supermercado/productos-frescos/cat20002/c?offset=120,,,,
362,"
2,99 €","2,99 €/kg",Plátano ecológico Carrefour Bio 1 Kg aprox,Bio,"Añadir
",https://www.carrefour.es/supermercado/productos-frescos/cat20002/c?offset=120,,,
363,"
1,91 €","1,78 €","16,61 €/kg
 | 
15,48 €/kg",Pechuga de pavo Campofrío Finissimas 115 g.,Ver productos de la promoción,"Añadir
",https://www.carrefour.es/supermercado/productos-frescos/cat20002/c?offset=120,,
364,"
0,79 €","3,16 €/kg",Lechuga iceberg Carrefour 250 g,"Añadir
",https://www.carrefour.es/supermercado/productos-frescos/cat20002/c?offset=120,,,,
365,"
0,69 €","13,80 €/kg",Rúcula Carrefour 50 g,"Añadir
",https://www.carrefour.es/supermercado/productos-frescos/cat20002/c?offset=120,,,,
366,"
2,09 €","1,65 €","1,39 €/kg
 | 
1,10 €/kg","Pera conferencia Carrefour 1,5 Kg","Añadir
",https://www.carrefour.es/supermercado/productos-frescos/cat20002/c?offset=120,,,
367,"
4,62 €","3,85 €/kg","Trozo de lomo de cerdo Carrefour 1,2 kg aprox","Añadir
",https://www.carrefour.es/supermercado/productos-frescos/cat20002/c?offset=120,,,,
368,"
2,10 €","11,67 €/kg",Jamón cocido extra lonchas gran bouquet Embutidos Noel 180 g,Sin gluten,Sin lactosa,Ver productos de la promoción,"Añadir
",https://www.carrefour.es/supermercado/productos-frescos/cat20002/c?offset=144,
369,"
1,35 €","5,40 €/kg",Brotes de espinaca Carrefour 250 g,"Añadir
",https://www.carrefour.es/supermercado/productos-frescos/cat20002/c?offset=144,,,,
370,"
1,63 €","7,24 €/kg",Jamón york el lonchas sándwich El Pozo sin gluten sin lactosa 225 g.,Sin gluten,Sin lactosa,"Añadir
",https://www.carrefour.es/supermercado/productos-frescos/cat20002/c?offset=144,,
371,"
1,59 €","1,59 €/ud",Brócoli ecológico Carrefour Bio 350 g,Bio,"Añadir
",https://www.carrefour.es/supermercado/productos-frescos/cat20002/c?offset=144,,,
372,"
3,93 €","3,49 €","3,93 €/kg
 | 
3,49 €/kg",Chuleta de aguja de cerdo Carrefour 1 kg aprox,"Añadir
",https://www.carrefour.es/supermercado/productos-frescos/cat20002/c?offset=144,,,
373,"
3,29 €","3,29 €/kg",Manzana pink lady a granel 1 kg aprox,"Añadir
",https://www.carrefour.es/supermercado/productos-frescos/cat20002/c?offset=144,,,,
374,"
1,52 €","7,60 €/kg",Queso tierno en lonchas Carrefour 200 g.,"Añadir
",https://www.carrefour.es/supermercado/productos-frescos/cat20002/c?offset=144,,,,
375,"
2,65 €","3,53 €/kg",Kiwi nacional 750 g,"Añadir
",https://www.carrefour.es/supermercado/productos-frescos/cat20002/c?offset=144,,,,
376,"
1,55 €","7,75 €/kg",Queso cheddar en lonchas Carrefour 200 g.,"Añadir
",https://www.carrefour.es/supermercado/productos-frescos/cat20002/c?offset=168,,,,
377,"
1,20 €","1,50 €/kg",Pan de pueblo sin aditivos 800 g,Sin lactosa,"Añadir
",https://www.carrefour.es/supermercado/productos-frescos/cat20002/c?offset=168,,,
378,"
1,05 €","5,25 €/kg",Queso brie 60% M.G Carrefour 200 g,"Añadir
",https://www.carrefour.es/supermercado/productos-frescos/cat20002/c?offset=168,,,,
379,"
0,99 €","14,14 €/kg",Ensalada Baby Leaf Carrefour 70 g,"Añadir
",https://www.carrefour.es/supermercado/productos-frescos/cat20002/c?offset=168,,,,
380,"
1,99 €","1,99 €/kg",Chirimoya 1 Kg aprox,"Añadir
",https://www.carrefour.es/supermercado/productos-frescos/cat20002/c?offset=168,,,,
381,"
0,99 €","2,20 €/kg",Pan de molde integral sin corteza Carrefour 450 g.,"Añadir
",https://www.carrefour.es/supermercado/productos-frescos/cat20002/c?offset=168,,,,
382,"
1,99 €","13,27 €/kg",Lomo embuchado bipack Carrefour 2 ud de 75 g,"Añadir
",https://www.carrefour.es/supermercado/productos-frescos/cat20002/c?offset=168,,,,
383,"
0,68 €","1,36 €/kg",Pan rallado de ajo y perejil Carrefour 500 g.,"Añadir
",https://www.carrefour.es/supermercado/productos-frescos/cat20002/c?offset=168,,,,
384,"
0,99 €","2,15 €/kg",Pan de molde cereales y semillas Carrefour 460 g.,"Añadir
",https://www.carrefour.es/supermercado/productos-frescos/cat20002/c?offset=192,,,,
385,"
4,48 €","14,95 €/kg",Lomo de atún 300 g aprox,"Añadir
",https://www.carrefour.es/supermercado/productos-frescos/cat20002/c?offset=192,,,,
386,"
1,54 €","5,50 €/kg",Masa para empanadillas y postres Buitoni sin lactosa 280 g.,Sin lactosa,"Añadir
",https://www.carrefour.es/supermercado/productos-frescos/cat20002/c?offset=192,,,
387,"
1,91 €","1,78 €","16,61 €/kg
 | 
15,48 €/kg",Pechuga de Pavo braseada Campofrío Finissimas 115 g.,Ver productos de la promoción,"Añadir
",https://www.carrefour.es/supermercado/productos-frescos/cat20002/c?offset=192,,
388,"
4,59 €","11,47 €/kg",Filete de bacalao procedente de pesca sostenible al punto de sal ultracongelado Carrefour 400 g.,Congelado,"Añadir
",https://www.carrefour.es/supermercado/productos-frescos/cat20002/c?offset=192,,,
389,"
2,84 €","6,76 €/kg",Aguacate ecológico 420 g,Bio,"Añadir
",https://www.carrefour.es/supermercado/productos-frescos/cat20002/c?offset=192,,,
390,"
1,65 €","1,65 €/kg",Manzana granny smith a granel 1 Kg aprox,"Añadir
",https://www.carrefour.es/supermercado/productos-frescos/cat20002/c?offset=192,,,,
391,"
1,39 €","9,27 €/kg",Queso tierno provolone con orégano Carrefour 150 g,"Añadir
",https://www.carrefour.es/supermercado/productos-frescos/cat20002/c?offset=192,,,,
392,"
2,81 €","11,24 €/kg",Frambruesa Carrefour 250 g,"Añadir
",https://www.carrefour.es/supermercado/productos-frescos/cat20002/c?offset=216,,,,
393,"
0,20 €","0,45 €/kg",Carcasa de pollo Carrefour 450 g aprox,"Añadir
",https://www.carrefour.es/supermercado/productos-frescos/cat20002/c?offset=216,,,,
394,"
2,99 €","2,99 €/ud",Carne picada de pollo Carrefour 400 g,Sin gluten,Sin lactosa,"Añadir
",https://www.carrefour.es/supermercado/productos-frescos/cat20002/c?offset=216,,
395,"
2,29 €","15,27 €/kg",Queso rallado 4 quesos especial gratinar El Caserío 150 g.,"Añadir
",https://www.carrefour.es/supermercado/productos-frescos/cat20002/c?offset=216,,,,
396,"
2,09 €","8,04 €/kg",Masa para pizza Finissima Buitoni sin lactosa 260 g.,Sin lactosa,"Añadir
",https://www.carrefour.es/supermercado/productos-frescos/cat20002/c?offset=216,,,
397,"
2,09 €","2,90 €/kg",Pan tostado integral Carrefour 720 g.,"Añadir
",https://www.carrefour.es/supermercado/productos-frescos/cat20002/c?offset=216,,,,
398,"
2,12 €","12,47 €/kg",Lacón cocido y ahumado extra cortado a mano sin gluten y sin lactosa 150 g,Sin gluten,"Añadir
",https://www.carrefour.es/supermercado/productos-frescos/cat20002/c?offset=216,,,
399,"
0,67 €","1,67 €/kg",Espinacas cortadas en porciones Carrefour 400 g.,"Añadir
",https://www.carrefour.es/supermercado/productos-frescos/cat20002/c?offset=216,,,,
400,"
5,12 €","12,20 €/kg","Queso semicurado mezcla García Baquero cuña 1/8, 420 g aprox","Añadir
",https://www.carrefour.es/supermercado/productos-frescos/cat20002/c?offset=240,,,,
401,"
1,79 €","4,47 €/kg",Calabaza troceada ecológica Carrefour Bio 400 g,Bio,"Añadir
",https://www.carrefour.es/supermercado/productos-frescos/cat20002/c?offset=240,,,
402,"
0,65 €","0,65 €/kg",Ensaladilla Carrefour Classic' 1 kg.,Congelado,"Añadir
",https://www.carrefour.es/supermercado/productos-frescos/cat20002/c?offset=240,,,
403,"
1,20 €","1,20 €/kg",Brocoli Carrefour 1 kg.,"Añadir
",https://www.carrefour.es/supermercado/productos-frescos/cat20002/c?offset=240,,,,
404,"
0,47 €","1,88 €/kg",Barra de pan pistola Carrefour 250 g,Sin lactosa,"Añadir
",https://www.carrefour.es/supermercado/productos-frescos/cat20002/c?offset=240,,,
405,"
0,75 €","3,75 €/kg",Perejil manojo de 150 g,"Añadir
",https://www.carrefour.es/supermercado/productos-frescos/cat20002/c?offset=240,,,,
406,"
0,56 €","7,47 €/kg",Picatostes fritos sabor clásico Carrefour 75 g.,"Añadir
",https://www.carrefour.es/supermercado/productos-frescos/cat20002/c?offset=240,,,,
407,"
2,72 €","5,45 €/kg",Chuleta de pavo Carrefour 500 g aprox,"Añadir
",https://www.carrefour.es/supermercado/productos-frescos/cat20002/c?offset=240,,,,
408,"
3,19 €","8,86 €/kg",Burger Meat de vacuno de Extremadura El Encinar de Humienta sin lactosa 2x180 g,Sin lactosa,"Añadir
",https://www.carrefour.es/supermercado/productos-frescos/cat20002/c?offset=264,,,
409,"
1,87 €","3,75 €/kg",Pera conferencia premium 500 g aprox,"Añadir
",https://www.carrefour.es/supermercado/productos-frescos/cat20002/c?offset=264,,,,
410,"
3,39 €","13,56 €/kg",Chorizo casero extra sarta Palacios 250 g.,"Añadir
",https://www.carrefour.es/supermercado/productos-frescos/cat20002/c?offset=264,,,,
411,"
0,99 €","1,98 €/kg",Queso fresco batido 0% m.g Carrefour 500 g.,"Añadir
",https://www.carrefour.es/supermercado/productos-frescos/cat20002/c?offset=264,,,,
412,"
2,58 €","4,30 €/kg",Morcilla de Burgos Embutidos Ríos 660 g,"Añadir
",https://www.carrefour.es/supermercado/productos-frescos/cat20002/c?offset=264,,,,
413,"
1,99 €","9,26 €/kg",Ensalada césar Carrefour 215 g,Ver productos de la promoción,"Añadir
",https://www.carrefour.es/supermercado/productos-frescos/cat20002/c?offset=264,,,
414,"
21 €","10,50 €/kg",Gambón crudo grande Carrefour 2 kg.,Congelado,"Añadir
",https://www.carrefour.es/supermercado/productos-frescos/cat20002/c?offset=264,,,
415,"
3,49 €","14,54 €/kg",Jamón serrano reserva en lonchas entera Carrefour sin lactosa 240 g.,Sin lactosa,"Añadir
",https://www.carrefour.es/supermercado/productos-frescos/cat20002/c?offset=264,,,
416,"
1,80 €","14,40 €/kg","Lomo embuchado en lonchas Carrefour sin gluten sin lactosa pack de 4 unidades de 31,25 g.",Sin gluten,Sin lactosa,"Añadir
",https://www.carrefour.es/supermercado/productos-frescos/cat20002/c?offset=288,,
417,"
0,75 €","3,41 €/kg",Ensaimada Carrefour 220 g.,"Añadir
",https://www.carrefour.es/supermercado/productos-frescos/cat20002/c?offset=288,,,,
418,"
4,19 €","4,19 €/kg",Aguacate hass Carrefour a granel 1 kg,"Añadir
",https://www.carrefour.es/supermercado/productos-frescos/cat20002/c?offset=288,,,,
419,"
2,98 €","1,99 €/kg","Piña del Monte premium pieza 1,5 Kg aprox","Añadir
",https://www.carrefour.es/supermercado/productos-frescos/cat20002/c?offset=288,,,,
420,"
0,93 €","3,72 €/kg","Queso fresco desnatado de Burgos Carrefour pack de 4 unidades de 62,5 g.","Añadir
",https://www.carrefour.es/supermercado/productos-frescos/cat20002/c?offset=288,,,,
421,"
0,89 €","5,56 €/kg",Masa para empanadillas y postres Buitoni sin lactosa 160 g.,Sin lactosa,"Añadir
",https://www.carrefour.es/supermercado/productos-frescos/cat20002/c?offset=288,,,
422,"
0,99 €","4,95 €/kg",Salchichas cocidas estilo Viena Wieners con queso Oscar Mayer 200 g.,"Añadir
",https://www.carrefour.es/supermercado/productos-frescos/cat20002/c?offset=288,,,,
423,"
3,20 €",10 €/kg,Pechuga de pavo fileteada marinada al ajillo Carrefour sin gluten y sin lactosa 320 g aprox,Sin gluten,Sin lactosa,"Añadir
",https://www.carrefour.es/supermercado/productos-frescos/cat20002/c?offset=288,,
424,"
2,18 €","3,11 €/kg",Magdalena valenciana Classic' Carrefour 700 g.,"Añadir
",https://www.carrefour.es/supermercado/productos-frescos/cat20002/c?offset=312,,,,
425,"
2,25 €","11,25 €/kg",Jamón cocido extra en lonchas El Pozo sin lactosa 200 g.,Sin lactosa,"Añadir
",https://www.carrefour.es/supermercado/productos-frescos/cat20002/c?offset=312,,,
426,"
1,09 €","4,36 €/kg",Tomate cherry pera ecológico Carrefour Bio 250 g,Bio,"Añadir
",https://www.carrefour.es/supermercado/productos-frescos/cat20002/c?offset=312,,,
427,"
1 €","2,50 €/kg",Pan Carrefour 5 ud,"Añadir
",https://www.carrefour.es/supermercado/productos-frescos/cat20002/c?offset=312,,,,
428,"
1,84 €","3,68 €/kg",Boniato ecológico 650 g,Bio,"Añadir
",https://www.carrefour.es/supermercado/productos-frescos/cat20002/c?offset=312,,,
429,"
4,69 €","4,24 €","9,39 €/kg
 | 
8,49 €/kg",Filete 1ªA de vacuno 500 g aprox,"Añadir
",https://www.carrefour.es/supermercado/productos-frescos/cat20002/c?offset=312,,,
430,"
2,29 €","3,05 €/kg",Manzana golden ecológica bandeja 4 ud 750 g,Bio,"Añadir
",https://www.carrefour.es/supermercado/productos-frescos/cat20002/c?offset=312,,,
431,"
2,29 €","18,32 €/kg",Arándanos ecológicos 125 g,Bio,"Añadir
",https://www.carrefour.es/supermercado/productos-frescos/cat20002/c?offset=312,,,
432,"
3,28 €","21,90 €/kg","Centro jamón serrano Gran Reserva Carrefour al corte 150 g aprox
Tipo de corte:
Loncha fina 1mm",Loncha gruesa 3/4mm,Loncha normal 2/3mm,"Añadir
",https://www.carrefour.es/supermercado/productos-frescos/cat20002/c?offset=336,,
433,"
2,99 €","0,75 €/ud",Kiwi selecta Zespri bandeja 4 ud 500 g aprox,"Añadir
",https://www.carrefour.es/supermercado/productos-frescos/cat20002/c?offset=336,,,,
434,"
1,90 €",19 €/kg,"Mini taquitos de jamón curado Espuña 2x50g, 100 g","Añadir
",https://www.carrefour.es/supermercado/productos-frescos/cat20002/c?offset=336,,,,
435,"
3,98 €","3,49 €","9,95 €/kg
 | 
8,72 €/kg",Picada de vacuno ecológico Carrefour Bio 400 g,Bio,"Añadir
",https://www.carrefour.es/supermercado/productos-frescos/cat20002/c?offset=336,,
436,"
0,82 €","3,28 €/kg",Crackers integrales Carrefour 250 g.,"Añadir
",https://www.carrefour.es/supermercado/productos-frescos/cat20002/c?offset=336,,,,
437,"
5,05 €","14,03 €/kg",Lomos de merluza ultracongelados Pescanova 400 g.,Congelado,Ver productos de la promoción,"Añadir
",https://www.carrefour.es/supermercado/productos-frescos/cat20002/c?offset=336,,
438,"
2,79 €","13,95 €/kg",Queso grana padano D.O.P. Carrefour 200 g,"Añadir
",https://www.carrefour.es/supermercado/productos-frescos/cat20002/c?offset=336,,,,
439,"
1,39 €","3,47 €/kg",Apio verde 400 g,"Añadir
",https://www.carrefour.es/supermercado/productos-frescos/cat20002/c?offset=336,,,,
440,"
4,99 €","4,99 €/ud",Empanada rectangular de atún 700 g,Ver productos de la promoción,"Añadir
",https://www.carrefour.es/supermercado/productos-frescos/cat20002/c?offset=360,,,
441,"
2,44 €","6,50 €/kg",Queso mezcla tierno Carrefour 375 g aprox,Ver productos de la promoción,"Añadir
",https://www.carrefour.es/supermercado/productos-frescos/cat20002/c?offset=360,,,
442,"
1,12 €","11,20 €/kg",Taquitos de chorizo extra Carrefour sin gluten 100 g.,Sin gluten,"Añadir
",https://www.carrefour.es/supermercado/productos-frescos/cat20002/c?offset=360,,,
443,"
3,25 €","4,64 €/kg",Butifarra fresca extra de cerdo enrollada Carrefour 700 g,Sin gluten,"Añadir
",https://www.carrefour.es/supermercado/productos-frescos/cat20002/c?offset=360,,,
444,"
8,99 €","29,97 €/kg",Lomo de salmón congelado Friusa 300 g,"Añadir
",https://www.carrefour.es/supermercado/productos-frescos/cat20002/c?offset=360,,,,
445,"
1,99 €","1,99 €/ud",Nuggets de pollo 320 g,Sin gluten,"Añadir
",https://www.carrefour.es/supermercado/productos-frescos/cat20002/c?offset=360,,,
446,"
1,61 €","4,03 €/kg",Cortes de alcachofa Carrefour 400 g.,"Añadir
",https://www.carrefour.es/supermercado/productos-frescos/cat20002/c?offset=360,,,,
447,"
4,39 €","10,97 €/kg",Chorizo oreado sin aditivos Carrefour 400 g,Sin gluten,"Añadir
",https://www.carrefour.es/supermercado/productos-frescos/cat20002/c?offset=360,,,
448,"
1,58 €","12,64 €/kg",Queso de untar Crème de Camembert Président 125 g.,"Añadir
",https://www.carrefour.es/supermercado/productos-frescos/cat20002/c?offset=384,,,,
449,"
2,79 €","13,61 €/kg",Ensalada completa César con pollo y queso Florette 205 g,"Añadir
",https://www.carrefour.es/supermercado/productos-frescos/cat20002/c?offset=384,,,,
450,"
1,15 €","57,50 €/kg",Cilantro cortado Carrefour 20 g,"Añadir
",https://www.carrefour.es/supermercado/productos-frescos/cat20002/c?offset=384,,,,
451,"
6,40 €",32 €/kg,Queso parmesano reggiano D.O.P. Parmeggio Hispano Italiana 200 g,"Añadir
",https://www.carrefour.es/supermercado/productos-frescos/cat20002/c?offset=384,,,,
452,"
1,29 €","7,17 €/kg",Palitos de pan con pipas Carrefour pack de 2x90 g.,"Añadir
",https://www.carrefour.es/supermercado/productos-frescos/cat20002/c?offset=384,,,,
453,"
1,15 €","57,50 €/kg",Albahaca cortada Carrefour 20 g,"Añadir
",https://www.carrefour.es/supermercado/productos-frescos/cat20002/c?offset=384,,,,
454,"
3,35 €","6,70 €/kg",Constramuslo de pavo fileteado Carrefour 500 g aprox,"Añadir
",https://www.carrefour.es/supermercado/productos-frescos/cat20002/c?offset=384,,,,
455,"
0,99 €","2,47 €/kg",Patata baby al vapor para microondas El Mercado Carrefour bolsa de 400 g,"Añadir
",https://www.carrefour.es/supermercado/productos-frescos/cat20002/c?offset=384,,,,
456,"
2,90 €","2,90 €/kg",Alas de pollo congeladas 1 kg,"Añadir
",https://www.carrefour.es/supermercado/productos-frescos/cat20002/c?offset=408,,,,
457,"
3,45 €","7,19 €/kg",Medallones de merluza argentina congelados Carrefour 480 g.,Congelado,"Añadir
",https://www.carrefour.es/supermercado/productos-frescos/cat20002/c?offset=408,,,
458,"
1,59 €","6,36 €/kg",Cebolla echalotte Carrefour 250 g,"Añadir
",https://www.carrefour.es/supermercado/productos-frescos/cat20002/c?offset=408,,,,
459,"
1,44 €","3,20 €/kg",Pan rústico Carrefour 450 g.,"Añadir
",https://www.carrefour.es/supermercado/productos-frescos/cat20002/c?offset=408,,,,
460,"
2,99 €","2,99 €/kg",Alcachofas 1 kg aprox,"Añadir
",https://www.carrefour.es/supermercado/productos-frescos/cat20002/c?offset=408,,,,
461,"
2,30 €","9,20 €/kg",Queso emmental taco Carrefour 250 g,"Añadir
",https://www.carrefour.es/supermercado/productos-frescos/cat20002/c?offset=408,,,,
462,"
1,30 €","2,32 €/kg",Salchichas con queso fundido estilo frankfurt Carrefour pack de 4 sobres de 140 g.,"Añadir
",https://www.carrefour.es/supermercado/productos-frescos/cat20002/c?offset=408,,,,
463,"
0,99 €","0,99 €/kg",Judía troceada Carrefour 1 kg.,"Añadir
",https://www.carrefour.es/supermercado/productos-frescos/cat20002/c?offset=408,,,,
464,"
2,09 €","13,93 €/kg",Queso rallado mozzarella y provolone Miraflores 150 g.,"Añadir
",https://www.carrefour.es/supermercado/productos-frescos/cat20002/c?offset=432,,,,
465,"
5,37 €","17,90 €/kg",Queso manchego de oveja curado De Nuestra Tierra cuña 1/8 300 g aprox,Ver productos de la promoción,"Añadir
",https://www.carrefour.es/supermercado/productos-frescos/cat20002/c?offset=432,,,
466,"
1,89 €","6,75 €/kg",Chorizo sarta extra dulce Carrefour sin gluten y sin lactosa 280 g,Sin gluten,Sin lactosa,"Añadir
",https://www.carrefour.es/supermercado/productos-frescos/cat20002/c?offset=432,,
467,"
2,05 €","4,56 €/kg",Pan de molde integral sin corteza Bimbo Silueta 450 g.,"Añadir
",https://www.carrefour.es/supermercado/productos-frescos/cat20002/c?offset=432,,,,
468,"
2,99 €","8,31 €/kg",Hamburguesa mini de añojo Calidad y Origen Carrefour 360 g,Ver productos de la promoción,"Añadir
",https://www.carrefour.es/supermercado/productos-frescos/cat20002/c?offset=432,,,
469,"
3,09 €","7,72 €/kg",Jamón cocido extra lonchas finas Carrefour pack de 2 unidades de 200 g.,"Añadir
",https://www.carrefour.es/supermercado/productos-frescos/cat20002/c?offset=432,,,,
470,"
1,65 €","8,25 €/kg",Pechuga de pavo cocida en finas lonchas Carrefour sin gluten y sin lactosa 200 g,"Añadir
",https://www.carrefour.es/supermercado/productos-frescos/cat20002/c?offset=432,,,,
471,"
2,60 €","2,60 €/kg",Jamoncitos de pollo congelado 1 kg,"Añadir
",https://www.carrefour.es/supermercado/productos-frescos/cat20002/c?offset=432,,,,
472,"
1,89 €","13,50 €/kg",Pechuga de pollo al natural en tiras Carrefour sin gluten 140 g.,Sin gluten,"Añadir
",https://www.carrefour.es/supermercado/productos-frescos/cat20002/c?offset=456,,,
473,"
1,95 €","3,90 €/kg",Sardina 500 g aprox,- Sin entrega: lunes ni lunes,"Tipo de corte:
Entero",Entero limpio,"Añadir
",https://www.carrefour.es/supermercado/productos-frescos/cat20002/c?offset=456,
474,"
2,07 €","17,25 €/kg",Jamón serrano reserva finas lonchas Carrefour sin lactosa 120 g.,Sin lactosa,"Añadir
",https://www.carrefour.es/supermercado/productos-frescos/cat20002/c?offset=456,,,
475,"
0,99 €","3,09 €/kg",Napolitanas rellenas de chocolate Classic' Carrefour 320 g.,"Añadir
",https://www.carrefour.es/supermercado/productos-frescos/cat20002/c?offset=456,,,,
476,"
3,09 €","9,09 €/kg",Pechuga de pavo sin gras El Pozo Bienstar sin gluten sin lactosa 340 gh.,Sin gluten,Sin lactosa,"Añadir
",https://www.carrefour.es/supermercado/productos-frescos/cat20002/c?offset=456,,
477,"
1,19 €","0,30 €/ud",Mollete de Antequera mediano De Nuestra Tierra 4 ud,Sin lactosa,"Añadir
",https://www.carrefour.es/supermercado/productos-frescos/cat20002/c?offset=456,,,
478,"
3,45 €","11,50 €/kg",Fuet casero El Pozo pack de 2 unidades de 150 g.,"Añadir
",https://www.carrefour.es/supermercado/productos-frescos/cat20002/c?offset=456,,,,
479,"
1,63 €","7,24 €/kg",Mortadela de pavo en lonchas El Pozo sin gluten 225 g.,Sin gluten,"Añadir
",https://www.carrefour.es/supermercado/productos-frescos/cat20002/c?offset=456,,,
480,"
0,99 €","14,14 €/kg",Chorizo Lonchas Revilla 70 g.,"Añadir
",https://www.carrefour.es/supermercado/productos-frescos/cat20002/c?offset=480,,,,
481,"
1,99 €","3,98 €/kg",Hogaza de pan natural 100% rebanada 500 g,"Añadir
",https://www.carrefour.es/supermercado/productos-frescos/cat20002/c?offset=480,,,,
482,"
1,35 €","6,75 €/kg",Kale Carrefour 200 g,"Añadir
",https://www.carrefour.es/supermercado/productos-frescos/cat20002/c?offset=480,,,,
483,"
0,75 €","2,50 €/kg",Baguette precocida Carrefour pack de 2 unidades de 150 g.,"Añadir
",https://www.carrefour.es/supermercado/productos-frescos/cat20002/c?offset=480,,,,
484,"
1,15 €","0,29 €/ud",Berlinas de azúcar Carrefour 4 ud,"Añadir
",https://www.carrefour.es/supermercado/productos-frescos/cat20002/c?offset=480,,,,
485,"
1,45 €","7,25 €/kg",Pechuga de pavo reducido en sal en finas lonchas Carrefour 200 g,"Añadir
",https://www.carrefour.es/supermercado/productos-frescos/cat20002/c?offset=480,,,,
486,"
1,25 €","0,99 €","2,98 €/kg
 | 
2,36 €/kg",Pan de chapata Gourmet Carrefour 380 g,"Añadir
",https://www.carrefour.es/supermercado/productos-frescos/cat20002/c?offset=480,,,
487,"
3,22 €","8,59 €/kg",Queso fundido en porciones La Vaca Que Rie sin gluten 375 g.,Sin gluten,"Añadir
",https://www.carrefour.es/supermercado/productos-frescos/cat20002/c?offset=480,,,
488,"
1,65 €",6 €/kg,"Verduras para micro brócoli, zanahoria y coliflor Florette 275 g","Añadir
",https://www.carrefour.es/supermercado/productos-frescos/cat20002/c?offset=504,,,,
489,"
2,75 €",22 €/kg,Queso mozzarella di bufala campana Galbani 125 g.,"Añadir
",https://www.carrefour.es/supermercado/productos-frescos/cat20002/c?offset=504,,,,
490,"
2,99 €","8,54 €/kg",Lasaña boloñesa Carrefour 350 g,"Añadir
",https://www.carrefour.es/supermercado/productos-frescos/cat20002/c?offset=504,,,,
491,"
1,06 €","8,48 €/kg",Grissini con aceite de oliva Carrefour 125 g.,"Añadir
",https://www.carrefour.es/supermercado/productos-frescos/cat20002/c?offset=504,,,,
492,"
7,50 €",15 €/kg,Almeja marinera fresca 500 g,- Sin entrega: lunes,"
Ver productos de la promoción","Añadir
",https://www.carrefour.es/supermercado/productos-frescos/cat20002/c?offset=504,,
493,"
2,67 €","5,35 €/kg",Papaya 500 g aprox,"Añadir
",https://www.carrefour.es/supermercado/productos-frescos/cat20002/c?offset=504,,,,
494,"
13,99 €","11,89 €","13,99 €/kg
 | 
11,89 €/kg","Chuletón de vacuno 1 Kg aprox
Tipo de corte:
Filete grueso 2 cm",Filete normal 1 cm,"Añadir
",https://www.carrefour.es/supermercado/productos-frescos/cat20002/c?offset=504,,
495,"
2,15 €","6,14 €/kg",Salchichas cocidas Jumbo Classic Oscar Mayer 350 g.,"Añadir
",https://www.carrefour.es/supermercado/productos-frescos/cat20002/c?offset=504,,,,
496,"
1,65 €",11 €/kg,Lechuga trocadero Carrefour 150 g,"Añadir
",https://www.carrefour.es/supermercado/productos-frescos/cat20002/c?offset=528,,,,
497,"
1,50 €","3,75 €/kg",Tortillas de trigo integral Carrefour Sensation sin aceite de palma 10 ud.,"Añadir
",https://www.carrefour.es/supermercado/productos-frescos/cat20002/c?offset=528,,,,
498,"
0,79 €","1,97 €/kg",Zanahoria baby Carrefour 400 g.,"Añadir
",https://www.carrefour.es/supermercado/productos-frescos/cat20002/c?offset=528,,,,
499,"
1,95 €","8,12 €/kg",Hamburguesa de pollo y zanahoria Carrefour 240 g,Sin gluten,"Añadir
",https://www.carrefour.es/supermercado/productos-frescos/cat20002/c?offset=528,,,
500,"
4,71 €","4,22 €","7,25 €/kg
 | 
6,49 €/kg",Lomo de cerdo al ajillo fileteado Carrefour 650 g aprox,Sin gluten,Sin lactosa,"Añadir
",https://www.carrefour.es/supermercado/productos-frescos/cat20002/c?offset=528,
501,"
1,65 €","6,47 €/kg",Bocadito de pan de hamburguesa 255 g,"Añadir
",https://www.carrefour.es/supermercado/productos-frescos/cat20002/c?offset=528,,,,
502,"
2,20 €","4,89 €/kg",Hogaza de cereales The Rustik Bakery 450 g.,"Añadir
",https://www.carrefour.es/supermercado/productos-frescos/cat20002/c?offset=528,,,,
503,"
1,99 €","1,99 €/kg",Manzana reineta verde a granel 1 Kg aprox,"Añadir
",https://www.carrefour.es/supermercado/productos-frescos/cat20002/c?offset=528,,,,
504,"
0,70 €","2,59 €/kg",Pan tostado clásico Carrefour 270 g.,"Añadir
",https://www.carrefour.es/supermercado/productos-frescos/cat20002/c?offset=552,,,,
505,"
1,60 €","5,71 €/kg","Flautas de pavo, pollo y queso Mesana 280 g","Añadir
",https://www.carrefour.es/supermercado/productos-frescos/cat20002/c?offset=552,,,,
506,"
149 €",119 €,"19,87 €/kg
 | 
15,87 €/kg",Jamón de cebo ibérico 50% raza ibérica Legado Ibérico Serie Oro ElPozo 7Kg aprox ,"Añadir
",https://www.carrefour.es/supermercado/productos-frescos/cat20002/c?offset=552,,,
507,"
2,65 €","17,67 €/kg",Queso lonchas García Baquero sin lactosa 150 g.,Sin lactosa,"Añadir
",https://www.carrefour.es/supermercado/productos-frescos/cat20002/c?offset=552,,,
508,"
0,57 €","2,85 €/kg",Salchichas cocidas y ahumadas estilo Viena Carrefour 200 g.,"Añadir
",https://www.carrefour.es/supermercado/productos-frescos/cat20002/c?offset=552,,,,
509,"
1,39 €","1,85 €/kg",Zanahoriamanojo de 750 g,"Añadir
",https://www.carrefour.es/supermercado/productos-frescos/cat20002/c?offset=552,,,,
510,"
1,35 €","5,40 €/kg",Judía fina flow pack250 g,"Añadir
",https://www.carrefour.es/supermercado/productos-frescos/cat20002/c?offset=552,,,,
511,"
6,45 €","16,12 €/kg",Filete de salmón salvaje congelado 400 g.,Congelado,"Añadir
",https://www.carrefour.es/supermercado/productos-frescos/cat20002/c?offset=552,,,
512,"
1,40 €","2,80 €/kg",Queso fresco batido desnatado Proteína Plus Carrefour 500 g.,"Añadir
",https://www.carrefour.es/supermercado/productos-frescos/cat20002/c?offset=576,,,,
513,"
1,60 €","1,60 €/ud",Flautas de bacon y queso Mesana 280 g,"Añadir
",https://www.carrefour.es/supermercado/productos-frescos/cat20002/c?offset=576,,,,
514,"
1,06 €","4,42 €/kg",Bollo con pepitas de chocolate Classic' Carrefour 240 g.,"Añadir
",https://www.carrefour.es/supermercado/productos-frescos/cat20002/c?offset=576,,,,
515,"
2,70 €","1,35 €/kg",Naranja Círculo de Calidad2 Kg,"Añadir
",https://www.carrefour.es/supermercado/productos-frescos/cat20002/c?offset=576,,,,
516,"
1,79 €","8,95 €/kg",Jamón cocido exxtra en lonchas finas Carrefour sin gluten y sin lactosa 200 g,"Añadir
",https://www.carrefour.es/supermercado/productos-frescos/cat20002/c?offset=576,,,,
517,"
1,83 €","7,32 €/kg",Queso fundido en porciones El Caserío 250 g.,"Añadir
",https://www.carrefour.es/supermercado/productos-frescos/cat20002/c?offset=576,,,,
518,"
0,69 €","2,03 €/kg",Sobaos mini Classic' Carrefour 340 g.,"Añadir
",https://www.carrefour.es/supermercado/productos-frescos/cat20002/c?offset=576,,,,
519,"
3,25 €","16,25 €/kg",Mousse pato medallón Aoste pack de 2 unidades de 100 g ,"Añadir
",https://www.carrefour.es/supermercado/productos-frescos/cat20002/c?offset=576,,,,
520,"
1,22 €","6,10 €/kg",Chorizo dulce sin gluten 200 g.,Sin gluten,"Añadir
",https://www.carrefour.es/supermercado/productos-frescos/cat20002/c?offset=600,,,
521,"
1,17 €","5,32 €/kg",Chistorra Carrefour sin gluten 220 g.,Sin gluten,"Añadir
",https://www.carrefour.es/supermercado/productos-frescos/cat20002/c?offset=600,,,
522,"
1,69 €","11,25 €/kg","Queso tierno barra Larsa al corte 150 g aprox
Tipo de corte:
Loncha fina 1mm",Loncha gruesa 3/4mm,Loncha normal 2/3mm,"Añadir
",https://www.carrefour.es/supermercado/productos-frescos/cat20002/c?offset=600,,
523,"
0,80 €",4 €/kg,Habas baby Carrefour 200 g.,"Añadir
",https://www.carrefour.es/supermercado/productos-frescos/cat20002/c?offset=600,,,,
524,"
0,57 €","2,59 €/kg",Salchichas cocidas y ahumadas de pavo Carrefour 200 g.,"Añadir
",https://www.carrefour.es/supermercado/productos-frescos/cat20002/c?offset=600,,,,
525,"
3,95 €","9,87 €/kg",Pimiento del piquillo relleno de bacalao congelados 400 g,"Añadir
",https://www.carrefour.es/supermercado/productos-frescos/cat20002/c?offset=600,,,,
526,"
2 €","3,33 €/kg",Salchichas BIG pavo El Pozo sin gluten pack de 3 unidades de 200 g.,Sin gluten,"Añadir
",https://www.carrefour.es/supermercado/productos-frescos/cat20002/c?offset=600,,,
527,"
1,89 €","12,60 €/kg",Regañá El Antequerano 150 g,"Añadir
",https://www.carrefour.es/supermercado/productos-frescos/cat20002/c?offset=600,,,,
528,"
3,54 €","14,75 €/kg",Jamón serrano reserva medias lonchas Carrefour sin lactosa pack de 2 unidades de 120 g.,Sin lactosa,"Añadir
",https://www.carrefour.es/supermercado/productos-frescos/cat20002/c?offset=624,,,
529,"
1,79 €","29,83 €/kg",Boquerón en vinagre 60 g,"Añadir
",https://www.carrefour.es/supermercado/productos-frescos/cat20002/c?offset=624,,,,
530,"
2,39 €","11,95 €/kg",Sobrasada de Mallorca etiqueta negra El Zagal 200 g.,"Añadir
",https://www.carrefour.es/supermercado/productos-frescos/cat20002/c?offset=624,,,,
531,"
2,09 €","8,36 €/kg",Finas del mar 200 g,"Añadir
",https://www.carrefour.es/supermercado/productos-frescos/cat20002/c?offset=624,,,,
532,"
2,34 €","3,90 €/kg",Media gallina Nutrave 600 g aprox,"Añadir
",https://www.carrefour.es/supermercado/productos-frescos/cat20002/c?offset=624,,,,
533,"
1,85 €","14,80 €/kg","Salchichón ibérico extra Carrefour sin gluten pack de 65,2x2 g",Sin gluten,"Añadir
",https://www.carrefour.es/supermercado/productos-frescos/cat20002/c?offset=624,,,
534,"
4,15 €","3,99 €","41,50 €/kg
 | 
39,90 €/kg",Paleta de cebo ibérica 50% raza ibérica en lonchas Carrefour 100 g.,"Añadir
",https://www.carrefour.es/supermercado/productos-frescos/cat20002/c?offset=624,,,
535,"
1,45 €","6,44 €/kg",Chorizo pamplona extra en locnhas Tello sin gluten bipack de 225 g,Sin gluten,"Añadir
",https://www.carrefour.es/supermercado/productos-frescos/cat20002/c?offset=624,,,
536,"
1,73 €","17,30 €/kg",Ajo Carrefour 100 g.,"Añadir
",https://www.carrefour.es/supermercado/productos-frescos/cat20002/c?offset=648,,,,
537,"
2,19 €","8,42 €/kg",Salchichas cocidas Bratwurst Campofrío 260 g.,"Añadir
",https://www.carrefour.es/supermercado/productos-frescos/cat20002/c?offset=648,,,,
538,"
1 €","9,09 €/kg",Jamon cocido en lonchas El Pozo sin gluten sin lactosa 110 g.,Sin gluten,Sin lactosa,"Añadir
",https://www.carrefour.es/supermercado/productos-frescos/cat20002/c?offset=648,,
539,"
2,10 €","12,35 €/kg",Jamón cocido lonchas bajo grasa y sal Embutidos Noel 180 g,Ver productos de la promoción,"Añadir
",https://www.carrefour.es/supermercado/productos-frescos/cat20002/c?offset=648,,,
540,"
6,88 €","22,95 €/kg","Queso puro de oveja D.O.P. Idiazabal De Nuestra Tierra cuña 1/8, 300 g",Ver productos de la promoción,"Añadir
",https://www.carrefour.es/supermercado/productos-frescos/cat20002/c?offset=648,,,
541,"
1 €",20 €/kg,Jamón curado 25% menos de sal Navidul sin gluten 50 g.,Sin gluten,"Añadir
",https://www.carrefour.es/supermercado/productos-frescos/cat20002/c?offset=648,,,
542,"
17,30 €","17,30 €/kg",Pez espada 1 Kg aprox,- Sin entrega: lunes,"Tipo de corte:
Filete con piel",Troceado,"Añadir
",https://www.carrefour.es/supermercado/productos-frescos/cat20002/c?offset=648,
543,"
4,05 €","4,05 €/kg",Menestra de verduras Findus 1 kg.,Congelado,"Añadir
",https://www.carrefour.es/supermercado/productos-frescos/cat20002/c?offset=648,,,
544,"
3,15 €","15,75 €/kg",Quesi semicurado mezcla García Baquero 200 g.,"Añadir
",https://www.carrefour.es/supermercado/productos-frescos/cat20002/c?offset=672,,,,
545,"
1,39 €","4,63 €/kg",Queso fundido para hamburguesa Carrefour 300 g.,"Añadir
",https://www.carrefour.es/supermercado/productos-frescos/cat20002/c?offset=672,,,,
546,"
0,99 €","7,92 €/kg",Paté de atún Casa Tarradellas sin gluten 125 g.,Sin gluten,"Añadir
",https://www.carrefour.es/supermercado/productos-frescos/cat20002/c?offset=672,,,
547,"
3,49 €","3,49 €/kg",Kaki sharoni 1 kg aprox,"Agotado temporalmente
",https://www.carrefour.es/supermercado/productos-frescos/cat20002/c?offset=672,,,,
548,"
4,45 €","9,89 €/kg",Anillas de pota argentina Carrefour 450 g.,"Añadir
",https://www.carrefour.es/supermercado/productos-frescos/cat20002/c?offset=672,,,,
549,"
1,88 €","6,27 €/kg",Queso en lonchas light El Caserío 300 g.,"Añadir
",https://www.carrefour.es/supermercado/productos-frescos/cat20002/c?offset=672,,,,
550,"
2,19 €","25,76 €/kg",Mini enrrollados de queso Babybel pack de 5 unidades de 17 g.,"Añadir
",https://www.carrefour.es/supermercado/productos-frescos/cat20002/c?offset=672,,,,
551,"
1,59 €","3,97 €/kg",Brócoli floretes Carrefour 400 g,"Añadir
",https://www.carrefour.es/supermercado/productos-frescos/cat20002/c?offset=672,,,,
552,"
0,75 €",5 €/kg,Zanahoria rallada Carrefour 150 g,"Añadir
",https://www.carrefour.es/supermercado/productos-frescos/cat20002/c?offset=696,,,,
553,"
2,21 €","3,69 €/kg",Jamoncito de pavo al vacío Carrefour 350 g aprox,"Añadir
",https://www.carrefour.es/supermercado/productos-frescos/cat20002/c?offset=696,,,,
554,"
1,58 €","15,05 €/kg",Crema de queso brie con trufa Président 105 g.,"Añadir
",https://www.carrefour.es/supermercado/productos-frescos/cat20002/c?offset=696,,,,
555,"
2,50 €","0,42 €/ud",Hamburguesa de cerdo Carrefour 6x90 g,Sin gluten,Sin lactosa,"Añadir
",https://www.carrefour.es/supermercado/productos-frescos/cat20002/c?offset=696,,
556,"
0,85 €","2,83 €/kg",Guisantes muy tiernos Carrefour 300 g.,"Añadir
",https://www.carrefour.es/supermercado/productos-frescos/cat20002/c?offset=696,,,,
557,"
3,49 €","19,39 €/kg",Queso rulo de cabra Sant Maure 180 g,"Añadir
",https://www.carrefour.es/supermercado/productos-frescos/cat20002/c?offset=696,,,,
558,"
3,15 €",15 €/kg,Queso fresco de cabra Burgo de Arias pack de 3 unidades de 70 g.,"Añadir
",https://www.carrefour.es/supermercado/productos-frescos/cat20002/c?offset=696,,,,
559,"
2,15 €","6,14 €/kg",Salchichas Jumbo de queso Oscar Mayer 350 g.,"Añadir
",https://www.carrefour.es/supermercado/productos-frescos/cat20002/c?offset=696,,,,
560,"
2,99 €","24,92 €/kg",Carpaccio de vacuno ecológico Carrefour Bio 120 g,Bio,"Añadir
",https://www.carrefour.es/supermercado/productos-frescos/cat20002/c?offset=720,,,
561,"
2,49 €","4,98 €/kg",Ajo blanco extra de Chinchón 500 g,"Añadir
",https://www.carrefour.es/supermercado/productos-frescos/cat20002/c?offset=720,,,,
562,"
2,19 €","4,38 €/kg",Uva bicolor Carrefour bandeja de 500 g,"Añadir
",https://www.carrefour.es/supermercado/productos-frescos/cat20002/c?offset=720,,,,
563,"
2,65 €","17,67 €/kg",Queso havarti light en lonchas Arla 150 g.,Ver productos de la promoción,"Añadir
",https://www.carrefour.es/supermercado/productos-frescos/cat20002/c?offset=720,,,
564,"
2,99 €","8,54 €/kg",Lasaña de espinacas y crema de queso fundido de cabra Carrefour 380 g,"Añadir
",https://www.carrefour.es/supermercado/productos-frescos/cat20002/c?offset=720,,,,
565,"
2,35 €","13,82 €/kg",Pechuga de pollo asada en lonchas Receta Artesana El Pozo sin gluten y sin lactosa 170 g,Sin gluten,Sin lactosa,Ver productos de la promoción,"Añadir
",https://www.carrefour.es/supermercado/productos-frescos/cat20002/c?offset=720,
566,"
1,68 €","4,20 €/kg",Jamón de pavo Carrefour sin gluten 400 g.,Sin gluten,"Añadir
",https://www.carrefour.es/supermercado/productos-frescos/cat20002/c?offset=720,,,
567,"
2 €",2 €/ud,Escalope de pollo Mesana 300 g,Sin gluten,"Añadir
",https://www.carrefour.es/supermercado/productos-frescos/cat20002/c?offset=720,,,
568,"
1,99 €","7,96 €/kg",Queso fresco Vega e Hijos 250 g.,"Añadir
",https://www.carrefour.es/supermercado/productos-frescos/cat20002/c?offset=744,,,,
569,"
1,99 €","18,09 €/kg",Pechuga de pavo en lonchas Noel - Delizias sin gluten y sin lactosa 110 g,Sin gluten,Sin lactosa,"Añadir
",https://www.carrefour.es/supermercado/productos-frescos/cat20002/c?offset=744,,
570,"
1,87 €","6,25 €/kg",Queso de vaca tierno maasdam de Holanda Carrefour 300 g aprox,"Añadir
",https://www.carrefour.es/supermercado/productos-frescos/cat20002/c?offset=744,,,,
571,"
3,19 €","7,97 €/kg",Carne de Mejillon cocido 80/120 Carrefour 400 g.,"Añadir
",https://www.carrefour.es/supermercado/productos-frescos/cat20002/c?offset=744,,,,
572,"
3,19 €","7,97 €/kg",Lomos merluza con piel ultracongelados Carrefour 400 g.,Congelado,"Añadir
",https://www.carrefour.es/supermercado/productos-frescos/cat20002/c?offset=744,,,
573,"
0,99 €","3,30 €/kg",Bizcochos con frambuesa con una fina capa de chocolate Carrefour 300 g.,"Añadir
",https://www.carrefour.es/supermercado/productos-frescos/cat20002/c?offset=744,,,,
574,"
1,99 €","6,63 €/kg",Tortilla de patata con cebolla 300 g,Ver productos de la promoción,"Añadir
",https://www.carrefour.es/supermercado/productos-frescos/cat20002/c?offset=744,,,
575,"
7,70 €","3,85 €/kg",Pollo certificado limpio Carrefour 2 kg,"Añadir
",https://www.carrefour.es/supermercado/productos-frescos/cat20002/c?offset=744,,,,
576,"
1,99 €","19,90 €/kg",Salchichón extra 50% raza duroc en finas lonchas Boadas sin gluten 100 g,Sin gluten,Ver productos de la promoción,"Añadir
",https://www.carrefour.es/supermercado/productos-frescos/cat20002/c?offset=768,,
577,"
1,15 €","2,87 €/kg",Sopa Juliana Carrefour 400 g,"Añadir
",https://www.carrefour.es/supermercado/productos-frescos/cat20002/c?offset=768,,,,
578,"
2 €","3,33 €/kg",Salchichas BIG queso El Pozo sin gluten pack de 3 unidades de 200 g.,Sin gluten,"Añadir
",https://www.carrefour.es/supermercado/productos-frescos/cat20002/c?offset=768,,,
579,"
3,75 €","6,25 €/kg",Palitos de surimi Carrefour pack de 3x300 g,"Añadir
",https://www.carrefour.es/supermercado/productos-frescos/cat20002/c?offset=768,,,,
580,"
5,99 €","39,93 €/kg",Queso parmesano reggiano ecológico Carrefour Bio cuña de 150 g,Bio,"Añadir
",https://www.carrefour.es/supermercado/productos-frescos/cat20002/c?offset=768,,,
581,"
1,77 €","8,85 €/kg",Fuet Nobleza El Pozo 200 g.,"Añadir
",https://www.carrefour.es/supermercado/productos-frescos/cat20002/c?offset=768,,,,
582,"
1,79 €","1,79 €/kg",Lombarda 1 Kg,"Añadir
",https://www.carrefour.es/supermercado/productos-frescos/cat20002/c?offset=768,,,,
583,"
3,50 €","8,75 €/kg","Cordon bleu de pechuga de pollo, pavo y queso 400 g",Ver productos de la promoción,"Añadir
",https://www.carrefour.es/supermercado/productos-frescos/cat20002/c?offset=768,,,
584,"
1,49 €","0,99 €/kg",Repollo rizado 1 Kg,"Añadir
",https://www.carrefour.es/supermercado/productos-frescos/cat20002/c?offset=792,,,,
585,"
2,79 €","6,97 €/kg",Pan de molde integral sin corteza ecológico Artebianca sin lactosa 400 g.,Bio,Sin lactosa,"Añadir
",https://www.carrefour.es/supermercado/productos-frescos/cat20002/c?offset=792,,
586,"
2,09 €","9,09 €/kg",Pasta de hojaldre Buitoni 230 g.,Ver productos de la promoción,"Añadir
",https://www.carrefour.es/supermercado/productos-frescos/cat20002/c?offset=792,,,
587,"
1,69 €","3,38 €/ud",Nabo blanco manojo de 500 g,"Añadir
",https://www.carrefour.es/supermercado/productos-frescos/cat20002/c?offset=792,,,,
588,"
2,68 €","8,95 €/kg","Queso curado mezcla Granja de la Luz cuña de 1/8, 300 g aprox","Añadir
",https://www.carrefour.es/supermercado/productos-frescos/cat20002/c?offset=792,,,,
589,"
2,05 €","4,10 €/kg",Batata Carrefour Extra 500 g.,Congelado,"Añadir
",https://www.carrefour.es/supermercado/productos-frescos/cat20002/c?offset=792,,,
590,"
3,55 €","10,44 €/kg",Salchichas Frankfurt alemán Schara sin gluten sin lactosa 340 g.,Sin gluten,Sin lactosa,"Añadir
",https://www.carrefour.es/supermercado/productos-frescos/cat20002/c?offset=792,,
591,"
2,09 €","13,06 €/kg",Bizcochitos Oceanix blanditos Tosta Rica 192 g.,"Añadir
",https://www.carrefour.es/supermercado/productos-frescos/cat20002/c?offset=792,,,,
592,"
2,05 €","8,54 €/kg",Magdalenas 0% azúcares La Bella Easo 240 g.,"Añadir
",https://www.carrefour.es/supermercado/productos-frescos/cat20002/c?offset=816,,,,
593,"
1,30 €","6,50 €/kg",Jengibre bandeja 200 g,"Añadir
",https://www.carrefour.es/supermercado/productos-frescos/cat20002/c?offset=816,,,,
594,"
0,99 €","7,92 €/kg",Paté de jamón ibérico Casa Tarradellas 125 g.,"Añadir
",https://www.carrefour.es/supermercado/productos-frescos/cat20002/c?offset=816,,,,
595,"
1,30 €","6,50 €/kg",Pan de hamburguesa artesano Bimbo 4 ud.,"Añadir
",https://www.carrefour.es/supermercado/productos-frescos/cat20002/c?offset=816,,,,
596,"
3,96 €","4,95 €/kg",Medio pollo certificado troceado Coren 800 g aprox,"Añadir
",https://www.carrefour.es/supermercado/productos-frescos/cat20002/c?offset=816,,,,
597,"
4,59 €","19,96 €/kg",Hamburguesa de pollo ecológica Carrefour Bio 2x115 g,Bio,"Añadir
",https://www.carrefour.es/supermercado/productos-frescos/cat20002/c?offset=816,,,
598,"
2,19 €","8,42 €/kg",Salchichas cocidas y ahumadas estilo Baviera Campofrío 260 g.,"Añadir
",https://www.carrefour.es/supermercado/productos-frescos/cat20002/c?offset=816,,,,
599,"
3 €",6 €/kg,Bizcocho casero 400 g,Ver productos de la promoción,"Añadir
",https://www.carrefour.es/supermercado/productos-frescos/cat20002/c?offset=816,,,
600,"
1,39 €","13,90 €/kg",Picada de ajo y perejil Fruits S&P 100 g,"Añadir
",https://www.carrefour.es/supermercado/productos-frescos/cat20002/c?offset=840,,,,
601,"
3,09 €","3,09 €/kg",Manzana pink lady 1 kg aprox,"Añadir
",https://www.carrefour.es/supermercado/productos-frescos/cat20002/c?offset=840,,,,
602,"
1,99 €","2,49 €/kg",Pan de molde integral 800 g,"Añadir
",https://www.carrefour.es/supermercado/productos-frescos/cat20002/c?offset=840,,,,
603,"
1,99 €","1,99 €/kg",Pepino de Almeríagranel 1 Kg,"Añadir
",https://www.carrefour.es/supermercado/productos-frescos/cat20002/c?offset=840,,,,
604,"
3,20 €",16 €/kg,Paleta curada en taco Carrefour 200 g,"Añadir
",https://www.carrefour.es/supermercado/productos-frescos/cat20002/c?offset=840,,,,
605,"
1 €","12,50 €/kg",Queso en lonchas semicurado Navidul 80 g.,"Añadir
",https://www.carrefour.es/supermercado/productos-frescos/cat20002/c?offset=840,,,,
606,"
0,68 €","1,70 €/kg",Acelgas en hoja Carrefour 400 g.,"Añadir
",https://www.carrefour.es/supermercado/productos-frescos/cat20002/c?offset=840,,,,
607,"
14,25 €","13,99 €","17,81 €/kg
 | 
17,49 €/kg",Langostino extra crudo Pescanova 800 g.,Ver productos de la promoción,"Añadir
",https://www.carrefour.es/supermercado/productos-frescos/cat20002/c?offset=840,,
608,"
1,15 €","4,79 €/kg",Picos integrales con aceite de oliva y ajonjolí Carrefour 240 g,"Añadir
",https://www.carrefour.es/supermercado/productos-frescos/cat20002/c?offset=864,,,,
609,"
2,09 €","8,36 €/kg",Verduras para sofrito Findus 250 g.,"Añadir
",https://www.carrefour.es/supermercado/productos-frescos/cat20002/c?offset=864,,,,
610,"
1,44 €","5,54 €/kg",Masa fresca pizza Casa Tarradellas 260 g.,"Añadir
",https://www.carrefour.es/supermercado/productos-frescos/cat20002/c?offset=864,,,,
611,"
2,60 €","2,60 €/ud",Codillo jamón curado precortado ElPozo 500 g,Sin lactosa,"Añadir
",https://www.carrefour.es/supermercado/productos-frescos/cat20002/c?offset=864,,,
612,"
3 €",3 €/ud,Arroz tres delicias 350 g,Ver productos de la promoción,"Añadir
",https://www.carrefour.es/supermercado/productos-frescos/cat20002/c?offset=864,,,
613,"
0,70 €","2,33 €/kg",Panecillos tostados integrales Carrefour Extra 300 g.,"Añadir
",https://www.carrefour.es/supermercado/productos-frescos/cat20002/c?offset=864,,,,
614,"
1,60 €","6,67 €/kg",Salchichón extra GD sin gluten 4x60 g,Sin gluten,"Añadir
",https://www.carrefour.es/supermercado/productos-frescos/cat20002/c?offset=864,,,
615,"
0,99 €","9,90 €/kg",Perejil ultracongelado Carrefour 50 g.,Congelado,"Añadir
",https://www.carrefour.es/supermercado/productos-frescos/cat20002/c?offset=864,,,
616,"
4,15 €","20,75 €/kg",Queso camembert Caprice des Dieux 200 g,"Añadir
",https://www.carrefour.es/supermercado/productos-frescos/cat20002/c?offset=888,,,,
617,"
7,16 €","17,90 €/kg",Solomillo de cerdo ibérico Carrefour 400 g aprox,Sin gluten,"Añadir
",https://www.carrefour.es/supermercado/productos-frescos/cat20002/c?offset=888,,,
618,"
19,95 €","19,95 €/kg",Queso puro de oveja viejo graso mini Flor de Esgueva pieza de 1 kg,Ver productos de la promoción,"Añadir
",https://www.carrefour.es/supermercado/productos-frescos/cat20002/c?offset=888,,,
619,"
6,99 €","11,65 €/kg",Sepia limipia congelada 480 g,"Añadir
",https://www.carrefour.es/supermercado/productos-frescos/cat20002/c?offset=888,,,,
620,"
2,09 €","2,61 €/kg",Biscottes integrales Carrefour 800 g.,"Añadir
",https://www.carrefour.es/supermercado/productos-frescos/cat20002/c?offset=888,,,,
621,"
2,22 €","4,93 €/kg","Pan hogaza quinoa, chía y espelta The Rustik Bakery 450 g.","Añadir
",https://www.carrefour.es/supermercado/productos-frescos/cat20002/c?offset=888,,,,
622,"
1,60 €",8 €/kg,Queso en dados para ensaladas Extra Carrefour 200 g.,"Añadir
",https://www.carrefour.es/supermercado/productos-frescos/cat20002/c?offset=888,,,,
623,"
3,05 €","13,26 €/kg",Salchichas vegetales ecológicas Carrefour Bio 230 g.,Bio,"Añadir
",https://www.carrefour.es/supermercado/productos-frescos/cat20002/c?offset=888,,,
624,"
2,23 €","6,37 €/kg",Queso de vaca tierno edam Carrefour 350 g aprox,"Añadir
",https://www.carrefour.es/supermercado/productos-frescos/cat20002/c?offset=912,,,,
625,"
2,85 €","9,50 €/kg",Pan de molde con cereales Schär sin gluten y sin lactosa 300 g.,Sin gluten,Sin lactosa,"Añadir
",https://www.carrefour.es/supermercado/productos-frescos/cat20002/c?offset=912,,
626,"
2,15 €","10,75 €/kg",Pechuga de pavo en lonchas Un Momento y Listo Serrano sin gluten sin lactosa 200 g.,Sin gluten,Sin lactosa,"Añadir
",https://www.carrefour.es/supermercado/productos-frescos/cat20002/c?offset=912,,
627,"
2,19 €","14,60 €/kg",Queso rallado mozzarella y emmental Président 150 g.,"Añadir
",https://www.carrefour.es/supermercado/productos-frescos/cat20002/c?offset=912,,,,
628,"
1,67 €","1,56 €","27,83 €/kg
 | 
26 €/kg",Queso rallado Grana Padano Galbani 60 g.,Ver productos de la promoción,"Añadir
",https://www.carrefour.es/supermercado/productos-frescos/cat20002/c?offset=912,,
629,"
2,95 €","14,75 €/kg",Preparado rallado vegano sabor queso mozzarella Violife 200 g.,"Añadir
",https://www.carrefour.es/supermercado/productos-frescos/cat20002/c?offset=912,,,,
630,"
1,72 €","13,76 €/kg","Cabecero de lomo en lonchas Carrefour sin gluten sin lactosa pack de 4 unidades de 31,25 g.",Sin gluten,Sin lactosa,"Añadir
",https://www.carrefour.es/supermercado/productos-frescos/cat20002/c?offset=912,,
631,"
2,99 €","2,99 €/ud",Tortilla de patata sin cebolla 600 g,Ver productos de la promoción,"Añadir
",https://www.carrefour.es/supermercado/productos-frescos/cat20002/c?offset=912,,,
632,"
8,95 €","22,37 €/kg",Cola de gambón pelado congelado Carrefour 400 g,Ver productos de la promoción,"Añadir
",https://www.carrefour.es/supermercado/productos-frescos/cat20002/c?offset=936,,,
633,"
3,99 €","1,99 €/kg",Cuartos de pollo congelado 2 kg,"Añadir
",https://www.carrefour.es/supermercado/productos-frescos/cat20002/c?offset=936,,,,
634,"
1,25 €","2,60 €/kg",Pan de molde integral Bimbo 480 g.,"Añadir
",https://www.carrefour.es/supermercado/productos-frescos/cat20002/c?offset=936,,,,
635,"
1,99 €","3,98 €/kg",Regañás de pan Carrefour El Mercado 500 g,"Añadir
",https://www.carrefour.es/supermercado/productos-frescos/cat20002/c?offset=936,,,,
636,"
3,89 €","11,11 €/kg",Bizcocho con pepitas de chocolate con leche y relleno de chocolate Milka 350 g.,"Añadir
",https://www.carrefour.es/supermercado/productos-frescos/cat20002/c?offset=936,,,,
637,"
4,15 €","9,02 €/kg",Queso fresco Original Burgo de Arias pack de 2 unidades de 230 g.,"Añadir
",https://www.carrefour.es/supermercado/productos-frescos/cat20002/c?offset=936,,,,
638,"
0,99 €","1,32 €/kg",Patatas corte para bravas Carrefour 750 g.,"Añadir
",https://www.carrefour.es/supermercado/productos-frescos/cat20002/c?offset=936,,,,
639,"
2,99 €","8,93 €/kg",Tortilla de berenjena 330 g,Sin gluten,Ver productos de la promoción,"Añadir
",https://www.carrefour.es/supermercado/productos-frescos/cat20002/c?offset=936,,
640,"
1,34 €","8,95 €/kg",Pechuga de pavo reducido en sal 0% grasa ElPozo al corte 150 g aprox ,"Sin gluten
Tipo de corte:
Loncha fina 1mm",Loncha gruesa 3/4mm,Loncha normal 2/3mm,"Añadir
",https://www.carrefour.es/supermercado/productos-frescos/cat20002/c?offset=960,
641,"
0,90 €","3,60 €/kg",Tostadas crujientes de centeno y sésamo Carrefour 250 g.,"Añadir
",https://www.carrefour.es/supermercado/productos-frescos/cat20002/c?offset=960,,,,
642,"
2,90 €","8,79 €/kg",Lomo de cerdo adobado al horno El Pozo 330 g,Sin gluten,Sin lactosa,"Añadir
",https://www.carrefour.es/supermercado/productos-frescos/cat20002/c?offset=960,,
643,"
1,20 €","1,20 €/ud",Lechuga hoja de roble roja 1 ud,"Añadir
",https://www.carrefour.es/supermercado/productos-frescos/cat20002/c?offset=960,,,,
644,"
2,99 €","9,97 €/kg",Pan de molde integral sin corteza de espelta ecológico Artebianca sin lactosa 300 g.,Bio,Sin lactosa,"Añadir
",https://www.carrefour.es/supermercado/productos-frescos/cat20002/c?offset=960,,
645,"
4,65 €","9,30 €/kg",Queso rallado mozzarella Miraflores 500 g.,"Añadir
",https://www.carrefour.es/supermercado/productos-frescos/cat20002/c?offset=960,,,,
646,"
0,99 €","14,14 €/kg",Chorizo tradición loncheado Revilla envase 100 g aprox,Sin gluten,"Añadir
",https://www.carrefour.es/supermercado/productos-frescos/cat20002/c?offset=960,,,
647,"
3,09 €","2,95 €","30,90 €/kg
 | 
29,50 €/kg",Salmón noruego Carrefour 100 g. ,"Añadir
",https://www.carrefour.es/supermercado/productos-frescos/cat20002/c?offset=960,,,
648,"
3,90 €","22,94 €/kg",Jamón curado en lonchas Leyenda Serrana sin gluten y sin lactosa 170 g,Sin gluten,Sin lactosa,"Añadir
",https://www.carrefour.es/supermercado/productos-frescos/cat20002/c?offset=984,,
649,"
6,84 €","18,99 €/kg",Magret fresco de pato Carrefour Selección 360 g aprox,"Añadir
",https://www.carrefour.es/supermercado/productos-frescos/cat20002/c?offset=984,,,,
650,"
2,19 €","5,47 €/kg",Pechuga de pavo Carrefour sin gluten pieza de 400 g.,Sin gluten,"Añadir
",https://www.carrefour.es/supermercado/productos-frescos/cat20002/c?offset=984,,,
651,"
1,34 €","10,31 €/kg",Picos pan integral Andrés 130 g.,"Añadir
",https://www.carrefour.es/supermercado/productos-frescos/cat20002/c?offset=984,,,,
652,"
0,99 €","2,20 €/kg",Pan de molde con semillas de amapola rebanado 450 g,"Añadir
",https://www.carrefour.es/supermercado/productos-frescos/cat20002/c?offset=984,,,,
653,"
2,09 €","13,93 €/kg",Queso rallado mozzarella Toscanella sin lactosa 150 g.,Sin lactosa,"Añadir
",https://www.carrefour.es/supermercado/productos-frescos/cat20002/c?offset=984,,,
654,"
3,59 €","17,95 €/kg",Espárrago verde entero Findus 200 g.,"Añadir
",https://www.carrefour.es/supermercado/productos-frescos/cat20002/c?offset=984,,,,
655,"
4,05 €","4,05 €/kg",Ensaladilla congelada Findus 1 kg.,"Añadir
",https://www.carrefour.es/supermercado/productos-frescos/cat20002/c?offset=984,,,,
656,"
0,80 €","0,80 €/l",Vino blanco de mesa Carrefour brik 1 l.,"Añadir
",https://www.carrefour.es/supermercado/bebidas/cat20003/c?offset=24,,,,
657,"
7,55 €","1,91 €/l",Cerveza tostada Mahou 0.0 alcohol pack de 12 latas de 33 cl.,"Añadir
",https://www.carrefour.es/supermercado/bebidas/cat20003/c?offset=24,,,,
658,"
0,53 €","0,35 €/l","Agua mineral Lanjarón 1,5 l.","Añadir
",https://www.carrefour.es/supermercado/bebidas/cat20003/c?offset=24,,,,
659,"
6,76 €","6,24 €","0,84 €/l
 | 
0,78 €/l",Coca Cola zero azúcar zero cafeina pack 4 botellas 2 l.,"Añadir
",https://www.carrefour.es/supermercado/bebidas/cat20003/c?offset=24,,,
660,"
4,77 €","1,61 €/l",Fanta de naranja pack 9 latas de 33 cl.,"Añadir
",https://www.carrefour.es/supermercado/bebidas/cat20003/c?offset=24,,,,
661,"
2,09 €","0,42 €/l",Agua mineral Solán de Cabras natural 5 l.,"Añadir
",https://www.carrefour.es/supermercado/bebidas/cat20003/c?offset=24,,,,
662,"
3,15 €","0,39 €/l",Agua mineral Bezoya 8 l.,"Añadir
",https://www.carrefour.es/supermercado/bebidas/cat20003/c?offset=24,,,,
663,"
10,02 €","0,83 €/l",Coca Cola zero azúcar pack 6 botellas 2 l.,"Añadir
",https://www.carrefour.es/supermercado/bebidas/cat20003/c?offset=24,,,,
664,"
1,06 €","0,21 €/l",Agua mineral Aquabona 5 l.,"Añadir
",https://www.carrefour.es/supermercado/bebidas/cat20003/c?offset=48,,,,
665,"
0,61 €","0,61 €/l",Zumo tropical Carrefour sin azúcar añadido brik 1 l. ,"Añadir
",https://www.carrefour.es/supermercado/bebidas/cat20003/c?offset=48,,,,
666,"
3,36 €","0,85 €/l",Cerveza Carrefour Especial pack de 12 latas de 33 cl.,"Añadir
",https://www.carrefour.es/supermercado/bebidas/cat20003/c?offset=48,,,,
667,"
1,99 €","0,32 €/l","Agua mineral Lanjarón 6,25 l.","Añadir
",https://www.carrefour.es/supermercado/bebidas/cat20003/c?offset=48,,,,
668,"
0,90 €","0,75 €/l",Zumo de frutas y leche Carrefour sabor mediterráneo pack de 6 briks de 20 cl.,"Añadir
",https://www.carrefour.es/supermercado/bebidas/cat20003/c?offset=48,,,,
669,"
0,35 €","0,17 €/l",Agua mineral Carrefour 2 l.,"Añadir
",https://www.carrefour.es/supermercado/bebidas/cat20003/c?offset=48,,,,
670,"
0,54 €","1,64 €/l",Fanta de limón zero azúcares añadidos lata 33 cl.,"Añadir
",https://www.carrefour.es/supermercado/bebidas/cat20003/c?offset=48,,,,
671,"
0,99 €","1,65 €/l",Vino blanco Carrefour pack de 3 briks de 20 cl.,"Añadir
",https://www.carrefour.es/supermercado/bebidas/cat20003/c?offset=48,,,,
672,"
0,77 €","0,38 €/l",Agua mineral Font Vella natural 2 l..,"Añadir
",https://www.carrefour.es/supermercado/bebidas/cat20003/c?offset=72,,,,
673,"
6,96 €","1,76 €/l",Pepsi Max Zero pack de 12 latas de 33 cl.,"Añadir
",https://www.carrefour.es/supermercado/bebidas/cat20003/c?offset=72,,,,
674,"
1,88 €","1,88 €/l",Zumo de naranja Don Simón sin pulpa brik 1 l.,"Añadir
",https://www.carrefour.es/supermercado/bebidas/cat20003/c?offset=72,,,,
675,"
10,02 €","0,83 €/l",Coca Cola pack 6 botellas 2 l.,"Añadir
",https://www.carrefour.es/supermercado/bebidas/cat20003/c?offset=72,,,,
676,"
1,49 €","2,98 €/l",Cerveza rubia Paulaner Weissbier botella 50 cl.,"Añadir
",https://www.carrefour.es/supermercado/bebidas/cat20003/c?offset=72,,,,
677,"
1,58 €","0,79 €/l",Fanta de limón zero azúcares añadidos botella 2 l.,"Añadir
",https://www.carrefour.es/supermercado/bebidas/cat20003/c?offset=72,,,,
678,"
3,44 €","0,86 €/l",Coca Cola zero azúcar pack 2 botellas 2 l.,"Añadir
",https://www.carrefour.es/supermercado/bebidas/cat20003/c?offset=72,,,,
679,"
6,95 €","2,34 €/l",Aquarius sabor limón pack de 9 latas de 33 cl.,"Añadir
",https://www.carrefour.es/supermercado/bebidas/cat20003/c?offset=72,,,,
680,"
0,57 €","0,53 €","1,14 €/l
 | 
1,06 €/l",Agua mineral Font Vella 50 cl.,"Añadir
",https://www.carrefour.es/supermercado/bebidas/cat20003/c?offset=96,,,
681,"
3,35 €","1,12 €/l","Nestea té negro con limón sin azúcar pack 2 botellas 1,5 l.","Añadir
",https://www.carrefour.es/supermercado/bebidas/cat20003/c?offset=96,,,,
682,"
1,88 €","1,88 €/l",Zumo de naranja Don Simón exprimido con pulpa brik 1 l.,"Añadir
",https://www.carrefour.es/supermercado/bebidas/cat20003/c?offset=96,,,,
683,"
6,43 €","2,16 €/l",Nestea té negro con limón pack de 9 latas de 33 cl.,"Añadir
",https://www.carrefour.es/supermercado/bebidas/cat20003/c?offset=96,,,,
684,"
5,95 €","1,98 €/l",Cerveza Estrella Damm mediterránea pack de 12 botellas de 25 cl.,"Añadir
",https://www.carrefour.es/supermercado/bebidas/cat20003/c?offset=96,,,,
685,"
0,75 €","2,27 €/l",Bitter Kas sin alcohol lata 33 cl.,"Añadir
",https://www.carrefour.es/supermercado/bebidas/cat20003/c?offset=96,,,,
686,"
1,39 €","0,93 €/l","Trina de naranja sin gas botella 1,5 l.","Añadir
",https://www.carrefour.es/supermercado/bebidas/cat20003/c?offset=96,,,,
687,"
0,54 €","0,11 €/l",Agua mineral Carrefour 5 l.,"Añadir
",https://www.carrefour.es/supermercado/bebidas/cat20003/c?offset=96,,,,
688,"
1,62 €","1,62 €/l",Tónica Schweppes botella 1 l.,"Añadir
",https://www.carrefour.es/supermercado/bebidas/cat20003/c?offset=120,,,,
689,"
1,20 €",1 €/l,Bebida de piña Carrefour sin azúcar pack de 6 briks de 20 cl.,"Añadir
",https://www.carrefour.es/supermercado/bebidas/cat20003/c?offset=120,,,,
690,"
14,95 €","1,62 €/l",Cerveza San Miguel especial Lager pack de 28 latas de 33 cl.,"Añadir
",https://www.carrefour.es/supermercado/bebidas/cat20003/c?offset=120,,,,
691,"
0,23 €","0,70 €/l",Tónica Carrefour lata 33 cl.,"Añadir
",https://www.carrefour.es/supermercado/bebidas/cat20003/c?offset=120,,,,
692,"
0,80 €","0,32 €/l","Agua mineral Aquabona 2,5 l.","Añadir
",https://www.carrefour.es/supermercado/bebidas/cat20003/c?offset=120,,,,
693,"
0,64 €","1,28 €/l",Agua mineral Solán de Cabras natural 50 cl.,"Añadir
",https://www.carrefour.es/supermercado/bebidas/cat20003/c?offset=120,,,,
694,"
0,63 €","0,63 €/l",Néctar de naranja Carrefour brik 1 l.,"Añadir
",https://www.carrefour.es/supermercado/bebidas/cat20003/c?offset=120,,,,
695,"
0,97 €","0,65 €/l","Limonada Don Simón exprimida botella 1,5 l.","Añadir
",https://www.carrefour.es/supermercado/bebidas/cat20003/c?offset=120,,,,
696,"
7,25 €","1,83 €/l",Cerveza Alhambra Lager Singular pack de 12 latas de 33 cl.,"Añadir
",https://www.carrefour.es/supermercado/bebidas/cat20003/c?offset=144,,,,
697,"
2,49 €","2,49 €/l",Zumo de naranja 100% Fruta Granini botella 1 l. ,"Añadir
",https://www.carrefour.es/supermercado/bebidas/cat20003/c?offset=144,,,,
698,"
0,89 €","2,70 €/l",Cerveza rubia El Águila sin filtrar botella 33 cl.,"Añadir
",https://www.carrefour.es/supermercado/bebidas/cat20003/c?offset=144,,,,
699,"
6,76 €","6,24 €","0,84 €/l
 | 
0,78 €/l",Coca Cola light pack de 4 botellas de 2 l.,"Añadir
",https://www.carrefour.es/supermercado/bebidas/cat20003/c?offset=144,,,
700,"
3,18 €","1,61 €/l",Zumo tropical Original Bifrutas pack de 6 briks de 33 cl.,"Añadir
",https://www.carrefour.es/supermercado/bebidas/cat20003/c?offset=144,,,,
701,"
0,99 €","3,96 €/l",Cider Ladrón de manzanas 25 cl.,"Añadir
",https://www.carrefour.es/supermercado/bebidas/cat20003/c?offset=144,,,,
702,"
0,63 €","0,31 €/l",Refresco de naranja Carrefour con gas botella 2 l.,"Añadir
",https://www.carrefour.es/supermercado/bebidas/cat20003/c?offset=144,,,,
703,"
2,15 €","1,43 €/l",Cerveza Mahou sin alcohol pack de 6 botellas de 25 cl.,"Añadir
",https://www.carrefour.es/supermercado/bebidas/cat20003/c?offset=144,,,,
704,"
0,69 €","2,09 €/l",Coca Cola zero azúcar sabor limón lata 33 cl.,"Añadir
",https://www.carrefour.es/supermercado/bebidas/cat20003/c?offset=168,,,,
705,"
0,26 €","1,04 €/l",Refresco de cola Carrefour zero lata 25 cl.,"Añadir
",https://www.carrefour.es/supermercado/bebidas/cat20003/c?offset=168,,,,
706,"
0,83 €","0,83 €/l","Zumo de naranja, limón y zanahoria Carrefour brik 1 l.","Añadir
",https://www.carrefour.es/supermercado/bebidas/cat20003/c?offset=168,,,,
707,"
6,60 €","1,67 €/l",Refresco de cola Pepsi pack de 12 latas de 33 cl.,"Añadir
",https://www.carrefour.es/supermercado/bebidas/cat20003/c?offset=168,,,,
708,"
0,91 €","1,21 €/l",Vino blanco Fuenteviña botella 75 cl.,"Añadir
",https://www.carrefour.es/supermercado/bebidas/cat20003/c?offset=168,,,,
709,"
2,35 €","1,57 €/l","Cerveza San Miguel 0,0 sin alcohol pack de 6 botellas de 25 cl.",Ver productos de la promoción,"Añadir
",https://www.carrefour.es/supermercado/bebidas/cat20003/c?offset=168,,,
710,"
11,99 €","17,13 €/l",Baileys Original Cremas,"Añadir
",https://www.carrefour.es/supermercado/bebidas/cat20003/c?offset=168,,,,
711,"
3,19 €","2,13 €/l",Cerveza Alhambra Lager Singular pack 6 botellas de 25 cl.,"Añadir
",https://www.carrefour.es/supermercado/bebidas/cat20003/c?offset=168,,,,
712,"
3,29 €","2,19 €/l",Cerveza Estrella Galicia especial pack de 6 latas de 25 cl.,"Añadir
",https://www.carrefour.es/supermercado/bebidas/cat20003/c?offset=192,,,,
713,"
0,82 €","0,55 €/l","Bebida Isotónica Carrefour sin gas sabor limón botella 1,5 l.","Añadir
",https://www.carrefour.es/supermercado/bebidas/cat20003/c?offset=192,,,,
714,"
4,20 €","4,20 €/ud",Vino D.O Rioja tinto crianza Viña Espolón 75 cl.,Ver productos de la promoción,"Añadir
",https://www.carrefour.es/supermercado/bebidas/cat20003/c?offset=192,,,
715,"
4,39 €","1,48 €/l",7UP Free sin azúcar pack 9 latas 33 cl.,"Añadir
",https://www.carrefour.es/supermercado/bebidas/cat20003/c?offset=192,,,,
716,"
6,96 €","1,76 €/l",Cerveza Cruzcampo Pilsen pack de 12 latas de 33 cl.,"Añadir
",https://www.carrefour.es/supermercado/bebidas/cat20003/c?offset=192,,,,
717,"
0,99 €","0,40 €/l","Agua mineral Font Vella 2,5 l.","Añadir
",https://www.carrefour.es/supermercado/bebidas/cat20003/c?offset=192,,,,
718,"
2,39 €","2,39 €/ud",Vino tinto crianza tempranillo Viña Albali D.O. Valdepeñas 75 cl.,"Añadir
",https://www.carrefour.es/supermercado/bebidas/cat20003/c?offset=192,,,,
719,"
3,89 €","2,59 €/l","Cerveza Heineken Lager 0,0 sin alcohol pack de 6 botellas de 25 cl.","Añadir
",https://www.carrefour.es/supermercado/bebidas/cat20003/c?offset=192,,,,
720,"
1,52 €","1,27 €/l","Agua mineral con gas Vichy Catalán natural 1,2 l.","Añadir
",https://www.carrefour.es/supermercado/bebidas/cat20003/c?offset=216,,,,
721,"
0,45 €","1,36 €/l",Agua mineral Bezoya tapón deportivo 33 cl.,"Añadir
",https://www.carrefour.es/supermercado/bebidas/cat20003/c?offset=216,,,,
722,"
0,63 €","0,31 €/l",Refresco de limón Carrefour con gas botella 2 l.,"Añadir
",https://www.carrefour.es/supermercado/bebidas/cat20003/c?offset=216,,,,
723,"
15,79 €","15,79 €/l",Crema irlandesa Baileys 1 l.,"Añadir
",https://www.carrefour.es/supermercado/bebidas/cat20003/c?offset=216,,,,
724,"
2,80 €","2,80 €/ud",Vino blanco verdejo Dama del Lago D.O. Rueda 75 cl.,"Añadir
",https://www.carrefour.es/supermercado/bebidas/cat20003/c?offset=216,,,,
725,"
4,29 €","1,44 €/l",Kas de limón pack de 9 latas de 33 cl.,"Añadir
",https://www.carrefour.es/supermercado/bebidas/cat20003/c?offset=216,,,,
726,"
0,75 €","2,27 €/l",Nestea té verde sabor maracuyá bajo en calorías lata 33 cl.,"Añadir
",https://www.carrefour.es/supermercado/bebidas/cat20003/c?offset=216,,,,
727,"
8,25 €","8,25 €/l",Bebida espirituosa Terry Centenario 1 l.,Ver productos de la promoción,"Añadir
",https://www.carrefour.es/supermercado/bebidas/cat20003/c?offset=216,,,
728,"
6,72 €","1,70 €/l",Cerveza rubia Amstel 100% malta pack de 12 latas de 33 cl.,"Añadir
",https://www.carrefour.es/supermercado/bebidas/cat20003/c?offset=240,,,,
729,"
11,70 €","11,70 €/ud",Estuche 3 Botellas (2 Bot. 75 Cl + 1 Bot. 50 Cl.) El Coto Tinto 2017,"Añadir
",https://www.carrefour.es/supermercado/bebidas/cat20003/c?offset=240,,,,
730,"
0,93 €","0,84 €","1,86 €/l
 | 
1,68 €/l",Agua mineral con gas Perrier natural 50 cl.,Ver productos de la promoción,"Añadir
",https://www.carrefour.es/supermercado/bebidas/cat20003/c?offset=240,,
731,"
11,75 €","7,83 €/l",Martini Rojo Vermouth,"Añadir
",https://www.carrefour.es/supermercado/bebidas/cat20003/c?offset=240,,,,
732,"
0,60 €","0,60 €/l",Agua mineral Font Vella natural 1 l.,"Añadir
",https://www.carrefour.es/supermercado/bebidas/cat20003/c?offset=240,,,,
733,"
0,57 €","1,73 €/l",Kas de limón sin azúcares añadidos lata 33 cl.,"Añadir
",https://www.carrefour.es/supermercado/bebidas/cat20003/c?offset=240,,,,
734,"
2,69 €","2,24 €/l",Refresco de naranja Fanta con gas pack de 6 latas de 20 cl.,"Añadir
",https://www.carrefour.es/supermercado/bebidas/cat20003/c?offset=240,,,,
735,"
13,70 €","19,57 €/l",Ron Barceló añejo 70 cl.,"Añadir
",https://www.carrefour.es/supermercado/bebidas/cat20003/c?offset=240,,,,
736,"
2,19 €","2,19 €/l",Zumo de manzana 100% Fruta Granini botella 1 l. ,"Añadir
",https://www.carrefour.es/supermercado/bebidas/cat20003/c?offset=264,,,,
737,"
0,83 €","0,83 €/l",Néctar de frutos rojos Carrefour brik 1 l.,"Añadir
",https://www.carrefour.es/supermercado/bebidas/cat20003/c?offset=264,,,,
738,"
1,88 €","1,88 €/ud",Vino tinto crianza Señorío de los LlanosD.O. Valdepeñas 75 cl.,"Añadir
",https://www.carrefour.es/supermercado/bebidas/cat20003/c?offset=264,,,,
739,"
1,59 €","1,06 €/l","Soda Geiser sifón 1,5 l.","Añadir
",https://www.carrefour.es/supermercado/bebidas/cat20003/c?offset=264,,,,
740,"
1,90 €","1,90 €/l",Vermut Forteni rojo 1 l.,"Añadir
",https://www.carrefour.es/supermercado/bebidas/cat20003/c?offset=264,,,,
741,"
0,65 €","0,65 €/l",Zumo de tomate Carrefour brik 1 l.,"Añadir
",https://www.carrefour.es/supermercado/bebidas/cat20003/c?offset=264,,,,
742,"
4,79 €","0,68 €/l","Pepsi pack de 4 botellas de 1,75 l.","Añadir
",https://www.carrefour.es/supermercado/bebidas/cat20003/c?offset=264,,,,
743,"
3,32 €","4,15 €/l",Coca Cola pack de 4 botellas de 20 cl.,"Añadir
",https://www.carrefour.es/supermercado/bebidas/cat20003/c?offset=264,,,,
744,"
6,99 €","6,99 €/l",Vermut Yzaguirre rojo 1 l.,"Añadir
",https://www.carrefour.es/supermercado/bebidas/cat20003/c?offset=288,,,,
745,"
0,48 €","1,45 €/l",Sprite de lima-limón sin azúcar lata 33 cl.,"Añadir
",https://www.carrefour.es/supermercado/bebidas/cat20003/c?offset=288,,,,
746,"
2,89 €","1,93 €/l","Cerveza Free Damm Lager 0,0 sin alcohol pack de 6 botellas de 25 cl.","Añadir
",https://www.carrefour.es/supermercado/bebidas/cat20003/c?offset=288,,,,
747,"
26,60 €","17,73 €/l","Ginebra Beefeater 1,5 l.","Añadir
",https://www.carrefour.es/supermercado/bebidas/cat20003/c?offset=288,,,,
748,"
0,99 €","3,96 €/l",Cider Ladrón de manzanas sabor frutos rojos 25 cl.,"Añadir
",https://www.carrefour.es/supermercado/bebidas/cat20003/c?offset=288,,,,
749,"
3,95 €","3,80 €","5,27 €/l
 | 
5,07 €/l",Arabe Blanco,"Añadir
",https://www.carrefour.es/supermercado/bebidas/cat20003/c?offset=288,,,
750,"
1,30 €","0,65 €/l",Refresco de lima-limón Sprite con gas zero botella 2 l.,"Añadir
",https://www.carrefour.es/supermercado/bebidas/cat20003/c?offset=288,,,,
751,"
0,99 €",3 €/l,Cerveza tostada San Miguel Selecta botella 33 cl.,"Añadir
",https://www.carrefour.es/supermercado/bebidas/cat20003/c?offset=288,,,,
752,"
0,68 €","2,06 €/l","Cerveza Amstel Oro 0,0 tostada lata 33 cl.","Añadir
",https://www.carrefour.es/supermercado/bebidas/cat20003/c?offset=312,,,,
753,"
1,18 €","1,18 €/l",Zumo de clementinas Carrefour exprimido brik de 1 l.,"Añadir
",https://www.carrefour.es/supermercado/bebidas/cat20003/c?offset=312,,,,
754,"
0,57 €","1,14 €/l",Bebida energética Energy Carrefour 50 cl.,"Añadir
",https://www.carrefour.es/supermercado/bebidas/cat20003/c?offset=312,,,,
755,"
1,35 €","0,90 €/l","Zumo de mandarinaSimon Life botella 1,5 l.","Añadir
",https://www.carrefour.es/supermercado/bebidas/cat20003/c?offset=312,,,,
756,"
0,66 €",2 €/l,Pepsi Max zero azúcar sabor lima lata 33 cl.,"Añadir
",https://www.carrefour.es/supermercado/bebidas/cat20003/c?offset=312,,,,
757,"
1,35 €","2,70 €/l",Cerveza Franziskaner Dunkel botella 50 cl.,"Añadir
",https://www.carrefour.es/supermercado/bebidas/cat20003/c?offset=312,,,,
758,"
5,97 €","1,81 €/l",Cerveza El Aguila pack de 10 latas de 33 cl.,"Añadir
",https://www.carrefour.es/supermercado/bebidas/cat20003/c?offset=312,,,,
759,"
0,63 €","0,31 €/l",Refresco de limón Carrefour con gas zero botella 2 l.,"Añadir
",https://www.carrefour.es/supermercado/bebidas/cat20003/c?offset=312,,,,
760,"
1,53 €","1,53 €/ud",Vino D.O. La Mancha blanco verdejo Ópera Prima 75 cl.,"Añadir
",https://www.carrefour.es/supermercado/bebidas/cat20003/c?offset=336,,,,
761,"
5,59 €","1,88 €/l",Pepsi Max zero azúcar zero cafeína pack 9 latas 33 cl.,"Añadir
",https://www.carrefour.es/supermercado/bebidas/cat20003/c?offset=336,,,,
762,"
0,74 €","0,99 €/l",Agua mineral Lanjarón tapón deportivo 75 cl.,"Añadir
",https://www.carrefour.es/supermercado/bebidas/cat20003/c?offset=336,,,,
763,"
0,62 €","1,88 €/l","Cerveza San Miguel 0,0 radler con zumo limón natural lata 33 cl.","Añadir
",https://www.carrefour.es/supermercado/bebidas/cat20003/c?offset=336,,,,
764,"
4,45 €","4,45 €/ud",Freixenet Carta Nevada Semiseco Cava,"Añadir
",https://www.carrefour.es/supermercado/bebidas/cat20003/c?offset=336,,,,
765,"
0,99 €","0,99 €/l",Néctar de guayaba Carrefour brik 1 l.,"Añadir
",https://www.carrefour.es/supermercado/bebidas/cat20003/c?offset=336,,,,
766,"
0,82 €","0,83 €/l",Zumo de frutas y leche Carrefour sabor tropical pack de 3 briks de 33 cl.,"Añadir
",https://www.carrefour.es/supermercado/bebidas/cat20003/c?offset=336,,,,
767,"
9,76 €","9,76 €/l",Anís del Mono edición especial 1 l.,"Añadir
",https://www.carrefour.es/supermercado/bebidas/cat20003/c?offset=336,,,,
768,"
1,27 €","1,15 €","2,54 €/l
 | 
2,30 €/l",Monster Energy ultra red zero azúcar bebida energética lata 50 cl.,"Añadir
",https://www.carrefour.es/supermercado/bebidas/cat20003/c?offset=360,,,
769,"
0,99 €",3 €/l,Cerveza Cruzcampo Gran Reserva malta botella 33 cl.,"Añadir
",https://www.carrefour.es/supermercado/bebidas/cat20003/c?offset=360,,,,
770,"
16,26 €","16,26 €/l",Whisky Johnnie Walker escocés 1 l.,"Añadir
",https://www.carrefour.es/supermercado/bebidas/cat20003/c?offset=360,,,,
771,"
1,99 €","1,99 €/l",Zumo de uva roja ecológico Carrefour Bio brik 1 l.,Bio,"Añadir
",https://www.carrefour.es/supermercado/bebidas/cat20003/c?offset=360,,,
772,"
14,39 €","14,39 €/l",Whisky J&B escocés 1 l.,"Añadir
",https://www.carrefour.es/supermercado/bebidas/cat20003/c?offset=360,,,,
773,"
15,12 €","1,64 €/l",Cerveza Amstel 100% malta pack de 28 latas de 33 cl.,"Añadir
",https://www.carrefour.es/supermercado/bebidas/cat20003/c?offset=360,,,,
774,"
5,45 €","1,38 €/l",7UP de lima-limón pack 12 latas 33 cl.,"Añadir
",https://www.carrefour.es/supermercado/bebidas/cat20003/c?offset=360,,,,
775,"
8,25 €","8,25 €/l",Bebida espirituosa Veterano 1 l.,"Añadir
",https://www.carrefour.es/supermercado/bebidas/cat20003/c?offset=360,,,,
776,"
9,19 €","3,48 €/l",Cerveza Gama 1906 pack de 8 botellas de 33 cl.,"Añadir
",https://www.carrefour.es/supermercado/bebidas/cat20003/c?offset=384,,,,
777,"
0,94 €","0,63 €/l","Agua mineral y zumo de manzana zero carrefour 1,5 l.","Añadir
",https://www.carrefour.es/supermercado/bebidas/cat20003/c?offset=384,,,,
778,"
8,50 €","8,29 €","4,29 €/l
 | 
4,19 €/l",Cerveza Alhambra reserva pack de 6 botellas de 33 cl.+ copa ,"Añadir
",https://www.carrefour.es/supermercado/bebidas/cat20003/c?offset=384,,,
779,"
3,15 €","3,15 €/ud",Vino D.O. Valdepeñas tinto reserva Viña Albali 75 cl.,"Añadir
",https://www.carrefour.es/supermercado/bebidas/cat20003/c?offset=384,,,,
780,"
1,18 €","2,10 €/l","Vino blanco Don Simón pack de 3 briks de 18,7 cl.","Añadir
",https://www.carrefour.es/supermercado/bebidas/cat20003/c?offset=384,,,,
781,"
1,06 €","1,06 €/l","Bebida de maracuyá, manzana y mango Carrefour sin azúcar añadido brik 1 l.","Añadir
",https://www.carrefour.es/supermercado/bebidas/cat20003/c?offset=384,,,,
782,"
2,49 €","2,49 €/ud",Vino frizzante blanco verdejo Amaranta 75 cl.,"Añadir
",https://www.carrefour.es/supermercado/bebidas/cat20003/c?offset=384,,,,
783,"
1,56 €","0,89 €/l","Pepsi Max lima botella 1,75 cl.","Añadir
",https://www.carrefour.es/supermercado/bebidas/cat20003/c?offset=384,,,,
784,"
1,06 €","0,88 €/l",Zumo de fruta y leche Don Simón Caribe pack de 6 briks de 20 cl.,"Añadir
",https://www.carrefour.es/supermercado/bebidas/cat20003/c?offset=408,,,,
785,"
1,39 €","1,11 €/l","Font Vella La Limonada con zumo de limón sin gas botella 1,25 l.","Añadir
",https://www.carrefour.es/supermercado/bebidas/cat20003/c?offset=408,,,,
786,"
1,14 €","3,45 €/l",Cerveza Inedit Damm malta botella 33 cl.,"Añadir
",https://www.carrefour.es/supermercado/bebidas/cat20003/c?offset=408,,,,
787,"
2,39 €","2,39 €/l",Zumo de tomate Granini botella 1 l.,"Añadir
",https://www.carrefour.es/supermercado/bebidas/cat20003/c?offset=408,,,,
788,"
1,59 €","1,59 €/l",Zumo de arándano Carrefour brik 1 l.,"Añadir
",https://www.carrefour.es/supermercado/bebidas/cat20003/c?offset=408,,,,
789,"
7,79 €","7,79 €/ud",Anna De Codorniu Brut Nature,"Añadir
",https://www.carrefour.es/supermercado/bebidas/cat20003/c?offset=408,,,,
790,"
0,85 €","2,58 €/l","Schweppes Citrus Zero de mandarina, lima, naranja y pomelo lata 33 cl.","Añadir
",https://www.carrefour.es/supermercado/bebidas/cat20003/c?offset=408,,,,
791,"
0,36 €","1,09 €/l",Cerveza tostada Amstel clásica lata 33 cl. ,"Añadir
",https://www.carrefour.es/supermercado/bebidas/cat20003/c?offset=408,,,,
792,"
1,55 €","2,07 €/l","Zumo de uva roja, granada y grosella Carrefour Selección exprimido botella75 cl.","Añadir
",https://www.carrefour.es/supermercado/bebidas/cat20003/c?offset=432,,,,
793,"
0,65 €","1,97 €/l","Cerveza tostada Amstel 0,0 Radler con limón lata 33 cl.","Añadir
",https://www.carrefour.es/supermercado/bebidas/cat20003/c?offset=432,,,,
794,"
1,60 €","1,07 €/l",Cerveza Carrefour Lager sin alcohol pack de 6 botellas de 25 cl.,"Añadir
",https://www.carrefour.es/supermercado/bebidas/cat20003/c?offset=432,,,,
795,"
0,73 €","2,92 €/l",Tónica Schweppes Pink lata 25 cl.,"Añadir
",https://www.carrefour.es/supermercado/bebidas/cat20003/c?offset=432,,,,
796,"
1,88 €","5,70 €/l",Cerveza artesana BrewDog Punk IPA botella 33 cl.,"Añadir
",https://www.carrefour.es/supermercado/bebidas/cat20003/c?offset=432,,,,
797,"
1,30 €","1,08 €/l",Zumo tropical Carrefour pack de 6 briks de 20 cl.,"Añadir
",https://www.carrefour.es/supermercado/bebidas/cat20003/c?offset=432,,,,
798,"
1,37 €","1,10 €/l","Agua mineral Font Vella Sensación con zumo de limón 1,25 l.","Añadir
",https://www.carrefour.es/supermercado/bebidas/cat20003/c?offset=432,,,,
799,"
1,55 €","4,70 €/l",Cerveza Leffe Brune belga negra botella 33 cl.,"Añadir
",https://www.carrefour.es/supermercado/bebidas/cat20003/c?offset=432,,,,
800,"
0,48 €","1,45 €/l",Gaseosa La Casera cero calorías lata 33 cl.,"Añadir
",https://www.carrefour.es/supermercado/bebidas/cat20003/c?offset=456,,,,
801,"
1,45 €","0,97 €/l","Néctar de piña Don Simón Disfruta sin azúcar añadido botella 1,5 l.","Añadir
",https://www.carrefour.es/supermercado/bebidas/cat20003/c?offset=456,,,,
802,"
2,19 €","2,19 €/l",Néctar de melocotón Granini botella 1 l.,"Añadir
",https://www.carrefour.es/supermercado/bebidas/cat20003/c?offset=456,,,,
803,"
2,99 €","2,99 €/ud",Blume 2020,"Añadir
",https://www.carrefour.es/supermercado/bebidas/cat20003/c?offset=456,,,,
804,"
19,95 €","28,50 €/l",Bombay Sapphire Ginebra,Ver productos de la promoción,"Añadir
",https://www.carrefour.es/supermercado/bebidas/cat20003/c?offset=456,,,
805,"
0,72 €","0,72 €/l",Vino Carrefour tinto Carrefour brik 1 l.,"Añadir
",https://www.carrefour.es/supermercado/bebidas/cat20003/c?offset=456,,,,
806,"
9,19 €","7,29 €","4,59 €/l
 | 
3,64 €/l",Red Bull bebida energética pack de 8 latas de 25 cl.,"Añadir
",https://www.carrefour.es/supermercado/bebidas/cat20003/c?offset=456,,,
807,"
1,37 €","4,15 €/l",Cerveza Hoegaarden blanca de trigo botella 33 cl.,"Añadir
",https://www.carrefour.es/supermercado/bebidas/cat20003/c?offset=456,,,,
808,"
2,49 €","2,07 €/l",Zumo de naranja sin azúcar añadido Juver-Disfruta pack de 6 brik de 20 cl.,"Añadir
",https://www.carrefour.es/supermercado/bebidas/cat20003/c?offset=480,,,,
809,"
0,61 €","1,85 €/l","Cerveza Buckler 0,0 alcohol malta lata 33 cl.","Añadir
",https://www.carrefour.es/supermercado/bebidas/cat20003/c?offset=480,,,,
810,"
6,19 €","3,13 €/l",Cerveza Estrella Galicia pack de 6 botellas de 33 cl.,"Añadir
",https://www.carrefour.es/supermercado/bebidas/cat20003/c?offset=480,,,,
811,"
0,76 €","2,30 €/l",Cerveza artesana Carrefour Sensation Sin Gluten botella 33 cl.,Sin gluten,"Añadir
",https://www.carrefour.es/supermercado/bebidas/cat20003/c?offset=480,,,
812,"
0,75 €",3 €/l,Agua mineral con gas Perrier natural lata 25 cl.,"Añadir
",https://www.carrefour.es/supermercado/bebidas/cat20003/c?offset=480,,,,
813,"
6,15 €","5,35 €","1,86 €/l
 | 
1,62 €/l",Cerveza Budweiser Lager pack de 10 latas de 33 cl.,"Añadir
",https://www.carrefour.es/supermercado/bebidas/cat20003/c?offset=480,,,
814,"
3,35 €","3,35 €/ud",Cava Jaume Serra brut nature reserva 75 cl.,"Añadir
",https://www.carrefour.es/supermercado/bebidas/cat20003/c?offset=480,,,,
815,"
2,39 €","2,39 €/l",Néctar de pera Granini Selección botella 1 l.,"Añadir
",https://www.carrefour.es/supermercado/bebidas/cat20003/c?offset=480,,,,
816,"
3,95 €","3,85 €","3,95 €/ud
 | 
3,85 €/ud",Chuvia Godello Blanco 2020,"Añadir
",https://www.carrefour.es/supermercado/bebidas/cat20003/c?offset=504,,,
817,"
0,99 €",3 €/l,Cerveza San Miguel Manila botella 33 cl.,"Añadir
",https://www.carrefour.es/supermercado/bebidas/cat20003/c?offset=504,,,,
818,"
2,29 €","2,29 €/l",Bebida de fruta naranja Granini sin azúcar añadido botella 1 l. ,"Añadir
",https://www.carrefour.es/supermercado/bebidas/cat20003/c?offset=504,,,,
819,"
2,39 €","2,39 €/l",Bebida de fruta kiwi y naranja  Granini Selección Mix botella 1 l. ,"Añadir
",https://www.carrefour.es/supermercado/bebidas/cat20003/c?offset=504,,,,
820,"
1,55 €","1,29 €/l",Zumo multifrutas Carrefour pack de 6 briks de 20 cl.,"Añadir
",https://www.carrefour.es/supermercado/bebidas/cat20003/c?offset=504,,,,
821,"
1,06 €","0,88 €/l",Zumo tropical Don Simon pack de 6 briks de 20 cl.,"Añadir
",https://www.carrefour.es/supermercado/bebidas/cat20003/c?offset=504,,,,
822,"
1,20 €","1,20 €/ud",Vino D.O. Valdepeñas tinto tempranillo Viña Lobón 75 cl.,"Añadir
",https://www.carrefour.es/supermercado/bebidas/cat20003/c?offset=504,,,,
823,"
0,78 €","1,56 €/l",Cerveza San Miguel especial Lager lata 50 cl.,Ver productos de la promoción,"Añadir
",https://www.carrefour.es/supermercado/bebidas/cat20003/c?offset=504,,,
824,"
2,55 €","1,27 €/l",Nectar de melocotón Juver sin azúcar añadido brik 2 l.,"Añadir
",https://www.carrefour.es/supermercado/bebidas/cat20003/c?offset=528,,,,
825,"
17,95 €","17,95 €/l",Vodka Absolut 1 l.,"Añadir
",https://www.carrefour.es/supermercado/bebidas/cat20003/c?offset=528,,,,
826,"
1,90 €","1,90 €/ud",Cava Puigesser semiseco 75 cl.,"Añadir
",https://www.carrefour.es/supermercado/bebidas/cat20003/c?offset=528,,,,
827,"
0,55 €","1,67 €/l",Refresco de limón Trina sin gas lata 33 cl.,"Añadir
",https://www.carrefour.es/supermercado/bebidas/cat20003/c?offset=528,,,,
828,"
0,70 €","1,40 €/l",Cerveza Mahou Clásica lata 50 cl.,"Añadir
",https://www.carrefour.es/supermercado/bebidas/cat20003/c?offset=528,,,,
829,"
0,44 €","0,59 €/l",Agua Mineral modificada,"Añadir
",https://www.carrefour.es/supermercado/bebidas/cat20003/c?offset=528,,,,
830,"
1,34 €","1,34 €/l",Zumo de frutos rojos sin azúcar añadido Juver- Disfruta brik 1 l.,"Añadir
",https://www.carrefour.es/supermercado/bebidas/cat20003/c?offset=528,,,,
831,"
15,99 €","15,99 €/ud",Estuche 2 Bot.Anna De Codorniu Brut Cava,"Añadir
",https://www.carrefour.es/supermercado/bebidas/cat20003/c?offset=528,,,,
832,"
7,69 €","10,99 €/l",Anís La Castellana dulce 70 cl.,"Añadir
",https://www.carrefour.es/supermercado/bebidas/cat20003/c?offset=552,,,,
833,"
4,55 €","2,27 €/l",Powerade Ice Storm pack 4 botellas 50 cl.,"Añadir
",https://www.carrefour.es/supermercado/bebidas/cat20003/c?offset=552,,,,
834,"
2,80 €","2,80 €/ud",Vino D.O. Ribera del Duero tinto roble Tres Reinos 75 cl.,"Añadir
",https://www.carrefour.es/supermercado/bebidas/cat20003/c?offset=552,,,,
835,"
4,45 €","2,97 €/l",Cerveza Voll Damm doble malta pack de 6 botellas de 25 cl.,"Añadir
",https://www.carrefour.es/supermercado/bebidas/cat20003/c?offset=552,,,,
836,"
1,10 €","0,73 €/l","Tinto de verano con limón sin alcohol Don Simón botella 1,5 l.","Añadir
",https://www.carrefour.es/supermercado/bebidas/cat20003/c?offset=552,,,,
837,"
16,65 €","16,65 €/l",Ron Cacique Añejo Superior 1 l.,"Añadir
",https://www.carrefour.es/supermercado/bebidas/cat20003/c?offset=552,,,,
838,"
5,79 €","7,72 €/l",Komvida Kombucha jengibre y limón ecológico sin gluten 75 cl.,Bio,Sin gluten,"Añadir
",https://www.carrefour.es/supermercado/bebidas/cat20003/c?offset=552,,
839,"
2,95 €","0,86 €/l","Pepsi Max zero cafeína pack de 2 botellas de 1,75 cl.","Añadir
",https://www.carrefour.es/supermercado/bebidas/cat20003/c?offset=552,,,,
840,"
0,82 €","0,80 €","1,64 €/l
 | 
1,60 €/l",Cerveza rubia Cruzcampo Pilsen lata 50 cl.,Ver productos de la promoción,"Añadir
",https://www.carrefour.es/supermercado/bebidas/cat20003/c?offset=576,,
841,"
0,61 €","1,85 €/l","Cerveza Amstel 0,0 sin alcohol pura malta lata 33 cl.","Añadir
",https://www.carrefour.es/supermercado/bebidas/cat20003/c?offset=576,,,,
842,"
2,55 €","2,83 €/l",Zumo de naranja Tropicana exprimido con pulpa botella 90 cl.,"Añadir
",https://www.carrefour.es/supermercado/bebidas/cat20003/c?offset=576,,,,
843,"
1,26 €","3,82 €/l",Cerveza artesana Carrefour Sensation Session IPA botella 33 cl.,"Añadir
",https://www.carrefour.es/supermercado/bebidas/cat20003/c?offset=576,,,,
844,"
0,76 €","2,30 €/l",Cerveza tostada San Miguel Selecta lata 33 cl.,"Añadir
",https://www.carrefour.es/supermercado/bebidas/cat20003/c?offset=576,,,,
845,"
2,40 €","3,43 €/l",Sidra De Nuestra Tierra D.O.P. Asturias natural 70 cl.,"Añadir
",https://www.carrefour.es/supermercado/bebidas/cat20003/c?offset=576,,,,
846,"
1,37 €","1,10 €/l","Agua mineral Font Vella Sensación con zumo de manzana 1,25 l.","Añadir
",https://www.carrefour.es/supermercado/bebidas/cat20003/c?offset=576,,,,
847,"
2,99 €","2,99 €/ud",Vino tinto roble tempranillo Enrique I D.O. Ribera de Duero 75 cl.,"Añadir
",https://www.carrefour.es/supermercado/bebidas/cat20003/c?offset=576,,,,
848,"
6,75 €","6,75 €/ud",Enate Tinto 2018,"Añadir
",https://www.carrefour.es/supermercado/bebidas/cat20003/c?offset=600,,,,
849,"
3,80 €","3,80 €/ud",Vino D.O. Ribera del Duero tinto crianza Tres Reinos 75 cl.,"Añadir
",https://www.carrefour.es/supermercado/bebidas/cat20003/c?offset=600,,,,
850,"
1,28 €","3,88 €/l",Cider Ladrón de manzanas sabor frutos rojos lata 33 cl.,"Añadir
",https://www.carrefour.es/supermercado/bebidas/cat20003/c?offset=600,,,,
851,"
1,18 €","1,18 €/ud",Vino D.O. Valdepeñas blanco crianza Tres Reinos 75 cl.,"Añadir
",https://www.carrefour.es/supermercado/bebidas/cat20003/c?offset=600,,,,
852,"
3,99 €","3,99 €/ud",Vino portugués rosado joven Mateus 75 cl.,"Añadir
",https://www.carrefour.es/supermercado/bebidas/cat20003/c?offset=600,,,,
853,"
1,80 €","1,80 €/l",Schweppes de limón Zero botella 1 l.,"Añadir
",https://www.carrefour.es/supermercado/bebidas/cat20003/c?offset=600,,,,
854,"
10,79 €","10,79 €/l",Yzaguirre Vermouth Con Crianza,"Añadir
",https://www.carrefour.es/supermercado/bebidas/cat20003/c?offset=600,,,,
855,"
1,18 €","1,18 €/l",Zumo multifrutas exprimido Carrefour brik de 1 l.,"Añadir
",https://www.carrefour.es/supermercado/bebidas/cat20003/c?offset=600,,,,
856,"
8,55 €","8,55 €/ud",La Planta Tinto 2020,"Añadir
",https://www.carrefour.es/supermercado/bebidas/cat20003/c?offset=624,,,,
857,"
0,99 €",3 €/l,Cerveza Ak Damm botella 33 cl.,"Añadir
",https://www.carrefour.es/supermercado/bebidas/cat20003/c?offset=624,,,,
858,"
0,99 €",3 €/l,Cerveza 1906 Red Vintage La Colorada lata 33 cl.,"Añadir
",https://www.carrefour.es/supermercado/bebidas/cat20003/c?offset=624,,,,
859,"
13,25 €","18,93 €/l",Licor limoncello Villa Massa 70 cl.,"Añadir
",https://www.carrefour.es/supermercado/bebidas/cat20003/c?offset=624,,,,
860,"
0,51 €",17 €/kg,Refresco tropical Tang sin gas en polvo 30 g.,"Añadir
",https://www.carrefour.es/supermercado/bebidas/cat20003/c?offset=624,,,,
861,"
30,60 €",30 €,"30,60 €/ud
 | 
30 €/ud",Vino D.O. Rioja tinto reserva Lagunilla 4 botellas de 75 cl.,"Añadir
",https://www.carrefour.es/supermercado/bebidas/cat20003/c?offset=624,,,
862,"
1,65 €","8,25 €/l",Tónica Schweppes con toque de lima premium botella 20 cl.,"Añadir
",https://www.carrefour.es/supermercado/bebidas/cat20003/c?offset=624,,,,
863,"
1,89 €","1,51 €/l","Zumo california Sunny Delight 1,25 l.","Añadir
",https://www.carrefour.es/supermercado/bebidas/cat20003/c?offset=624,,,,
864,"
9,89 €","7,99 €","9,89 €/ud
 | 
7,99 €/ud",Celeste Tinto Roble 2020,"Añadir
",https://www.carrefour.es/supermercado/bebidas/cat20003/c?offset=648,,,
865,"
10 €",10 €/l,Pacharán Zoco 1 l.,"Añadir
",https://www.carrefour.es/supermercado/bebidas/cat20003/c?offset=648,,,,
866,"
12,69 €","12,69 €/l",Vodka Eristoff premium 1 l.,"Añadir
",https://www.carrefour.es/supermercado/bebidas/cat20003/c?offset=648,,,,
867,"
3,79 €","3,79 €/ud",Vino D.O. Rioja tinto Campo Viejo 75 cl.,"Añadir
",https://www.carrefour.es/supermercado/bebidas/cat20003/c?offset=648,,,,
868,"
14,89 €","21,27 €/l",Santa Teresa Ron Reserva,Ver productos de la promoción,"Añadir
",https://www.carrefour.es/supermercado/bebidas/cat20003/c?offset=648,,,
869,"
0,51 €","2,04 €/l",Cerveza Damm Lemon con limón botella 25 cl.,"Añadir
",https://www.carrefour.es/supermercado/bebidas/cat20003/c?offset=648,,,,
870,"
2,39 €","15,93 €/kg",Tang de naranja sin gas en polvo pack 5 sobres 30 g.,"Añadir
",https://www.carrefour.es/supermercado/bebidas/cat20003/c?offset=648,,,,
871,"
1,27 €","0,85 €/l",Cerveza Carrefour Classic pack de 6 botellas de 25 cl.,"Añadir
",https://www.carrefour.es/supermercado/bebidas/cat20003/c?offset=648,,,,
872,"
18,70 €","18,70 €/l",Ginebra Beefeater 1 l.,"Añadir
",https://www.carrefour.es/supermercado/bebidas/cat20003/c?offset=672,,,,
873,"
11,25 €","16,07 €/l",Brandy Torres Reserva Imperial 10 años,"Añadir
",https://www.carrefour.es/supermercado/bebidas/cat20003/c?offset=672,,,,
874,"
1,62 €","1,08 €/l","Trina de manzana sin gas zero botella 1,5 l.","Añadir
",https://www.carrefour.es/supermercado/bebidas/cat20003/c?offset=672,,,,
875,"
4,85 €","4,85 €/ud",Marina Alta Blanco 2020,"Añadir
",https://www.carrefour.es/supermercado/bebidas/cat20003/c?offset=672,,,,
876,"
1,90 €","2,71 €/l",Licor de mora Loch Castle sin alcohol 70 cl.,"Añadir
",https://www.carrefour.es/supermercado/bebidas/cat20003/c?offset=672,,,,
877,"
4,79 €","6,84 €/l",Whisky Westerly 70 cl.,"Añadir
",https://www.carrefour.es/supermercado/bebidas/cat20003/c?offset=672,,,,
878,"
1,94 €","1,96 €/l",Zumo paraíso Original Bifrutas pack de 3 briks 33 cl.,"Añadir
",https://www.carrefour.es/supermercado/bebidas/cat20003/c?offset=672,,,,
879,"
1,44 €","1,44 €/l",Tónica Nordic Mist botella 1 l.,"Añadir
",https://www.carrefour.es/supermercado/bebidas/cat20003/c?offset=672,,,,
880,"
1,51 €","3,43 €/l",Cerveza rubia Ambar Tipo IPA lata 44 cl.,"Añadir
",https://www.carrefour.es/supermercado/bebidas/cat20003/c?offset=696,,,,
881,"
37 €",37 €/ud,Möet Chandon Imperial Brut Champagne,"Añadir
",https://www.carrefour.es/supermercado/bebidas/cat20003/c?offset=696,,,,
882,"
0,99 €",3 €/l,Cerveza San Miguel Yakima Valley Ipa lata 33 cl.,"Añadir
",https://www.carrefour.es/supermercado/bebidas/cat20003/c?offset=696,,,,
883,"
16,99 €","24,27 €/l",TanquerayRangpur Ginebra,"Añadir
",https://www.carrefour.es/supermercado/bebidas/cat20003/c?offset=696,,,,
884,"
12,90 €","12,90 €/ud",Charles De Courance Champagne,"Añadir
",https://www.carrefour.es/supermercado/bebidas/cat20003/c?offset=696,,,,
885,"
0,83 €","0,83 €/l",Néctar tropical Carrefour brik 1 l.,"Añadir
",https://www.carrefour.es/supermercado/bebidas/cat20003/c?offset=696,,,,
886,"
3,65 €","3,65 €/l",Zumo de naranja y mango Carrefour botella 1 l.,"Añadir
",https://www.carrefour.es/supermercado/bebidas/cat20003/c?offset=696,,,,
887,"
1,25 €","0,62 €/l",Bebida de fruta de piña Juver 20% de zumo brik 2 l.,"Añadir
",https://www.carrefour.es/supermercado/bebidas/cat20003/c?offset=696,,,,
888,"
13,95 €","13,95 €/ud",Estuche 2 Bot. El Coto Selección Viñedos Tinto 2017,"Añadir
",https://www.carrefour.es/supermercado/bebidas/cat20003/c?offset=720,,,,
889,"
3,75 €","3,75 €/ud",Chuvia Mencia Tinto 2020,"Añadir
",https://www.carrefour.es/supermercado/bebidas/cat20003/c?offset=720,,,,
890,"
4,09 €","5,84 €/l",Vodka Vikoroff 70 cl.,"Añadir
",https://www.carrefour.es/supermercado/bebidas/cat20003/c?offset=720,,,,
891,"
10,99 €","15,70 €/l",Ron Cacique añejo superior 70 cl.,"Añadir
",https://www.carrefour.es/supermercado/bebidas/cat20003/c?offset=720,,,,
892,"
7,95 €","7,95 €/ud",Vino dulce pedro ximénez De Nuestra Tierra D.O. Montilla-Moriles75 cl.,"Añadir
",https://www.carrefour.es/supermercado/bebidas/cat20003/c?offset=720,,,,
893,"
2,80 €","4,67 €/l",Zumo de tomate Granini pack 3 botellas de 20 cl.,"Añadir
",https://www.carrefour.es/supermercado/bebidas/cat20003/c?offset=720,,,,
894,"
14,95 €","14,95 €/ud",Estuche 3 Bot. Paternina Tinto Reserva 2016,"Añadir
",https://www.carrefour.es/supermercado/bebidas/cat20003/c?offset=720,,,,
895,"
4,20 €","4,20 €/ud",Vino tinto crianza Bardesano D.O.Ca. Rioja 75 cl.,"Añadir
",https://www.carrefour.es/supermercado/bebidas/cat20003/c?offset=720,,,,
896,"
1,15 €","0,77 €/l","Tinto de verano clásico Don Simón botella 1,5 l.","Añadir
",https://www.carrefour.es/supermercado/bebidas/cat20003/c?offset=744,,,,
897,"
2,25 €","6,82 €/l",Cerveza Mahou Barrica Bourbón botella 33 cl.,"Añadir
",https://www.carrefour.es/supermercado/bebidas/cat20003/c?offset=744,,,,
898,"
0,70 €","0,70 €/l",Néctar de manzana Carrefour brik 1 l.,"Añadir
",https://www.carrefour.es/supermercado/bebidas/cat20003/c?offset=744,,,,
899,"
6,85 €","2,08 €/l",Cerveza tostada Cruzcampo gran reserva malta pack de 10 latas de 33 cl.,"Añadir
",https://www.carrefour.es/supermercado/bebidas/cat20003/c?offset=744,,,,
900,"
0,85 €","2,58 €/l",Schweppes citrus lata 33 cl.,"Añadir
",https://www.carrefour.es/supermercado/bebidas/cat20003/c?offset=744,,,,
901,"
0,99 €","3,96 €/l",Cider La Prohibida botella 25 cl.,"Añadir
",https://www.carrefour.es/supermercado/bebidas/cat20003/c?offset=744,,,,
902,"
23,49 €","15,66 €/l","Whisky Ballantine's escocés 1,5 l.","Añadir
",https://www.carrefour.es/supermercado/bebidas/cat20003/c?offset=744,,,,
903,"
14,85 €","21,21 €/l","Tanqueray 0,0","Añadir
",https://www.carrefour.es/supermercado/bebidas/cat20003/c?offset=744,,,,
904,"
0,63 €","1,91 €/l",Cerveza Mahou Mixta Shandy con limón lata 33 cl.,"Añadir
",https://www.carrefour.es/supermercado/bebidas/cat20003/c?offset=768,,,,
905,"
1,91 €","1,91 €/l",Agua mineral Solán de Cabras natural multifrutas 1 l.,"Añadir
",https://www.carrefour.es/supermercado/bebidas/cat20003/c?offset=768,,,,
906,"
0,79 €","3,16 €/l",Royal Bliss bohemian berry sensation lata 25 cl.,"Añadir
",https://www.carrefour.es/supermercado/bebidas/cat20003/c?offset=768,,,,
907,"
6,75 €","6,75 €/ud",Freixenet Cordon Negro Gran Selección Brut,"Añadir
",https://www.carrefour.es/supermercado/bebidas/cat20003/c?offset=768,,,,
908,"
7,95 €","6,99 €","7,95 €/ud
 | 
6,99 €/ud",Viña Esmeralda Blanco 2020,"Añadir
",https://www.carrefour.es/supermercado/bebidas/cat20003/c?offset=768,,,
909,"
12,79 €","12,79 €/l",VODKA IMPORTACION SMIRNOFF 1L,"Añadir
",https://www.carrefour.es/supermercado/bebidas/cat20003/c?offset=768,,,,
910,"
7,35 €","3,71 €/l",Cerveza1906 pack de 4 Red Vintage 33 cl.+ 2 Galician Irish Red Ale 33 cl.+ Copa,"Añadir
",https://www.carrefour.es/supermercado/bebidas/cat20003/c?offset=768,,,,
911,"
4,99 €","4,99 €/ud",El Hayedo Verdejo Blanco 2020,Bio,"Añadir
",https://www.carrefour.es/supermercado/bebidas/cat20003/c?offset=768,,,
912,"
0,61 €","2,44 €/l",Bebida energética Carrefour sabor frutos rojos 25 cl.,"Añadir
",https://www.carrefour.es/supermercado/bebidas/cat20003/c?offset=792,,,,
913,"
2,09 €","8,36 €/l",Smoothie de fresa y plátano Innocent sin azúcares añadidos botella 25 cl.,"Añadir
",https://www.carrefour.es/supermercado/bebidas/cat20003/c?offset=792,,,,
914,"
10,49 €","10,49 €/ud",Paco & Lola Blanco 2020,"Añadir
",https://www.carrefour.es/supermercado/bebidas/cat20003/c?offset=792,,,,
915,"
2,09 €","2,09 €/ud",Vino frizzante blanco Joven Capel 75 cl.,"Añadir
",https://www.carrefour.es/supermercado/bebidas/cat20003/c?offset=792,,,,
916,"
0,99 €","1,32 €/l",Vino tinto Marqués Dospala botella 75 cl.,"Añadir
",https://www.carrefour.es/supermercado/bebidas/cat20003/c?offset=792,,,,
917,"
1,73 €","8,65 €/l",Tónica Schweppes con pimienta rosa premium botella 20 cl.,"Añadir
",https://www.carrefour.es/supermercado/bebidas/cat20003/c?offset=792,,,,
918,"
2,29 €","2,29 €/l",Néctar de piña Granini botella 1 l.,"Añadir
",https://www.carrefour.es/supermercado/bebidas/cat20003/c?offset=792,,,,
919,"
15,95 €","15,95 €/ud",Mar De Frades Blanco 2020,"Añadir
",https://www.carrefour.es/supermercado/bebidas/cat20003/c?offset=792,,,,
920,"
13,39 €","19,13 €/l",Ginebra Larios Rosé premium 70 cl.,Ver productos de la promoción,"Añadir
",https://www.carrefour.es/supermercado/bebidas/cat20003/c?offset=816,,,
921,"
1,41 €","1,41 €/l",Cerveza San Miguel Especial botella 1 l.,"Añadir
",https://www.carrefour.es/supermercado/bebidas/cat20003/c?offset=816,,,,
922,"
12,15 €","12,15 €/l",Ginebra Gordon's 1 l.,"Añadir
",https://www.carrefour.es/supermercado/bebidas/cat20003/c?offset=816,,,,
923,"
0,92 €","2,79 €/l",Cerveza Ambar Export tostada Tres Maltas lata 33 cl.,"Añadir
",https://www.carrefour.es/supermercado/bebidas/cat20003/c?offset=816,,,,
924,"
13,90 €","13,90 €/ud",Estuche 2 Bot. Matsu El Picaro Tinto 2019,"Añadir
",https://www.carrefour.es/supermercado/bebidas/cat20003/c?offset=816,,,,
925,"
5,95 €","8,50 €/l",Ron miel Yacaré 70 cl.,"Añadir
",https://www.carrefour.es/supermercado/bebidas/cat20003/c?offset=816,,,,
926,"
8,45 €","8,45 €/l",Bebida espirituosa Soberano 1 l.,"Añadir
",https://www.carrefour.es/supermercado/bebidas/cat20003/c?offset=816,,,,
927,"
1,74 €","5,27 €/l",Cerveza Grimbergen blonde botella 33 cl.,"Añadir
",https://www.carrefour.es/supermercado/bebidas/cat20003/c?offset=816,,,,
928,"
2,25 €","1,12 €/l",Vino tinto de mesa Vegas del Rivilla botella 2 l.,"Añadir
",https://www.carrefour.es/supermercado/bebidas/cat20003/c?offset=840,,,,
929,"
4,55 €","0,91 €/l",Vino tinto Señorío Extremeño 5 l.,"Añadir
",https://www.carrefour.es/supermercado/bebidas/cat20003/c?offset=840,,,,
930,"
0,79 €","2,55 €/l",Zumo de fresa Sunny Delight botella 31 cl.,"Añadir
",https://www.carrefour.es/supermercado/bebidas/cat20003/c?offset=840,,,,
931,"
1,06 €","2,12 €/l",Agua mineral con gas Vichy Catalán sabor naranja 50 cl.,"Añadir
",https://www.carrefour.es/supermercado/bebidas/cat20003/c?offset=840,,,,
932,"
3,29 €","2,19 €/l","Néctar multifrutas sin azucares añadidos Granini 1,5 l.","Añadir
",https://www.carrefour.es/supermercado/bebidas/cat20003/c?offset=840,,,,
933,"
4,75 €","4,75 €/ud",La Guita Manzanilla Manzanilla,"Añadir
",https://www.carrefour.es/supermercado/bebidas/cat20003/c?offset=840,,,,
934,"
20,95 €","20,95 €/ud",Estuche 2 Bot. Habla Del Silencio Tinto 2020,"Añadir
",https://www.carrefour.es/supermercado/bebidas/cat20003/c?offset=840,,,,
935,"
8,70 €","12,43 €/l",Ginebra Larios 70 cl.,"Añadir
",https://www.carrefour.es/supermercado/bebidas/cat20003/c?offset=840,,,,
936,"
21 €",14 €/l,"Whisky J&B escocés 1,5 l.","Añadir
",https://www.carrefour.es/supermercado/bebidas/cat20003/c?offset=864,,,,
937,"
13,89 €","19,84 €/l",Jim Beam Bourbon Bourbon,Ver productos de la promoción,"Añadir
",https://www.carrefour.es/supermercado/bebidas/cat20003/c?offset=864,,,
938,"
2,05 €","2,05 €/ud",Vino D.O. Rioja blanco 3 Reinos 75 cl.,"Añadir
",https://www.carrefour.es/supermercado/bebidas/cat20003/c?offset=864,,,,
939,"
4,79 €","2,42 €/l",Tinto de verano con limón La Casera pack de 6 latas de 33 cl.,"Añadir
",https://www.carrefour.es/supermercado/bebidas/cat20003/c?offset=864,,,,
940,"
2,65 €","2,65 €/l",Zumo de zanahoria ecológico Delizum botella 1 l.,Bio,"Añadir
",https://www.carrefour.es/supermercado/bebidas/cat20003/c?offset=864,,,
941,"
1,51 €","6,04 €/l",Red Bull sabor sandia lata 25 cl.,"Añadir
",https://www.carrefour.es/supermercado/bebidas/cat20003/c?offset=864,,,,
942,"
4,53 €","4,53 €/ud",Sangre De Toro Tinto 2020,"Añadir
",https://www.carrefour.es/supermercado/bebidas/cat20003/c?offset=864,,,,
943,"
5,79 €","5,79 €/ud",Freixenet Espumoso Blanco Sin Alcohol,"Añadir
",https://www.carrefour.es/supermercado/bebidas/cat20003/c?offset=864,,,,
944,"
10,75 €","10,75 €/ud",Protos Tinto Fino Tinto 2020,"Añadir
",https://www.carrefour.es/supermercado/bebidas/cat20003/c?offset=888,,,,
945,"
10,70 €","10,70 €/ud",Codorniu Cava,Bio,"Añadir
",https://www.carrefour.es/supermercado/bebidas/cat20003/c?offset=888,,,
946,"
2,69 €","1,79 €/l",Cerveza San Miguel especial Lager pack de 6 botellas de 25 cl.,"Añadir
",https://www.carrefour.es/supermercado/bebidas/cat20003/c?offset=888,,,,
947,"
0,70 €","2,12 €/l",Cerveza Mahou 5 Estrellas Radler con limón lata 33 cl.,"Añadir
",https://www.carrefour.es/supermercado/bebidas/cat20003/c?offset=888,,,,
948,"
4,75 €","0,95 €/l",Vino de la Tierra de Extremadura tinto Señorío Extremeño grifo 5 l.,"Añadir
",https://www.carrefour.es/supermercado/bebidas/cat20003/c?offset=888,,,,
949,"
1,47 €","5,88 €/l",Red Bull the acaí edition bebida energética sin azúcar lata 25 cl.,"Añadir
",https://www.carrefour.es/supermercado/bebidas/cat20003/c?offset=888,,,,
950,"
1,70 €","1,70 €/l",Néctar de piña Minute Maid sin azúcares añadidos botella 1 l.,"Añadir
",https://www.carrefour.es/supermercado/bebidas/cat20003/c?offset=888,,,,
951,"
17,69 €","17,69 €/ud",Juve & Camps De La Familia Cava 2017,Bio,"Añadir
",https://www.carrefour.es/supermercado/bebidas/cat20003/c?offset=888,,,
952,"
33,99 €","33,99 €/ud",Estuche 2 Bot. Arzuaga Tinto 2018,"Añadir
",https://www.carrefour.es/supermercado/bebidas/cat20003/c?offset=912,,,,
953,"
6,55 €","9,36 €/l",Orujo blanco Puntemiño 70 cl.,"Añadir
",https://www.carrefour.es/supermercado/bebidas/cat20003/c?offset=912,,,,
954,"
2,65 €","3,79 €/l",Licor de manzana verde Loch Castle 70 cl.,"Añadir
",https://www.carrefour.es/supermercado/bebidas/cat20003/c?offset=912,,,,
955,"
11,25 €","16,07 €/l",Licor de hierbas Jagermeister 70 cl.,"Añadir
",https://www.carrefour.es/supermercado/bebidas/cat20003/c?offset=912,,,,
956,"
1,77 €","8,85 €/l",Tónica Schweppes con limón y quinina premium botella 20 cl.,"Añadir
",https://www.carrefour.es/supermercado/bebidas/cat20003/c?offset=912,,,,
957,"
0,99 €","3,96 €/l",Agua con gas Perrier sabor piña y mango 25 cl.,"Añadir
",https://www.carrefour.es/supermercado/bebidas/cat20003/c?offset=912,,,,
958,"
2,39 €","1,19 €/l",Gaseosa Postobón La Colombiana sabor cola botella 2 l.,"Añadir
",https://www.carrefour.es/supermercado/bebidas/cat20003/c?offset=912,,,,
959,"
3,29 €","2,19 €/l","Bebida de fruta zanahoria y naranja sin azúcares añadidos Granini botella 1,5 l.","Añadir
",https://www.carrefour.es/supermercado/bebidas/cat20003/c?offset=912,,,,
960,"
2,19 €","3,13 €/l",Sidra Trabanco natural70 cl.,"Añadir
",https://www.carrefour.es/supermercado/bebidas/cat20003/c?offset=936,,,,
961,"
10,50 €","10,50 €/ud",Lote 94. Estuche de 2 botellas de vino tinto crianza Castillo de Albai D.O Ca Rioja 75 cl. + Regalo 2 copas ,"Añadir
",https://www.carrefour.es/supermercado/bebidas/cat20003/c?offset=936,,,,
962,"
7,45 €","7,45 €/ud",Vino rosado Ramón Bilbao D.O.Ca Rioja 75 cl.,"Añadir
",https://www.carrefour.es/supermercado/bebidas/cat20003/c?offset=936,,,,
963,"
1,59 €","1,15 €","3,18 €/l
 | 
2,30 €/l",Monster mule bebida energética lata 50 cl.,"Añadir
",https://www.carrefour.es/supermercado/bebidas/cat20003/c?offset=936,,,
964,"
13,89 €","13,89 €/ud",Ramon Bilbao 2015,"Añadir
",https://www.carrefour.es/supermercado/bebidas/cat20003/c?offset=936,,,,
965,"
6,29 €","2,10 €/l",Cerveza Especial Cruzcampo pack de 12 botellas de 25 cl.,"Añadir
",https://www.carrefour.es/supermercado/bebidas/cat20003/c?offset=936,,,,
966,"
2,09 €","1,39 €/l","Distinto con vino de verdejo y limón La Casera botella 1,5 l.","Añadir
",https://www.carrefour.es/supermercado/bebidas/cat20003/c?offset=936,,,,
967,"
0,54 €","1,64 €/l",Aquarade sabor naranja lata 33 cl.,"Añadir
",https://www.carrefour.es/supermercado/bebidas/cat20003/c?offset=936,,,,
968,"
51,75 €","51,75 €/ud",Estuche 3 Bot. Emilio Moro Tinto 2018,"Añadir
",https://www.carrefour.es/supermercado/bebidas/cat20003/c?offset=960,,,,
969,"
2,99 €","2,99 €/ud",Nefer Garnacha Tinto 2020,"Añadir
",https://www.carrefour.es/supermercado/bebidas/cat20003/c?offset=960,,,,
970,"
6,49 €","6,49 €/ud",Ramon Bilbao Blanco 2020,"Añadir
",https://www.carrefour.es/supermercado/bebidas/cat20003/c?offset=960,,,,
971,"
3,99 €","3,99 €/ud",Carrefour Eco 2020,Bio,"Añadir
",https://www.carrefour.es/supermercado/bebidas/cat20003/c?offset=960,,,
972,"
4,05 €","5,79 €/l",Concentrado de limón Pulco sin azúcar sin gas botella 70 cl.,"Añadir
",https://www.carrefour.es/supermercado/bebidas/cat20003/c?offset=960,,,,
973,"
10,99 €","10,99 €/ud",Caja de 6 botellas de vino tinto joven tempranillo Tres Reinos D.O.Ca. Rioja 75 cl.,"Añadir
",https://www.carrefour.es/supermercado/bebidas/cat20003/c?offset=960,,,,
974,"
2,75 €","2,75 €/ud",Cava Castell del Llac brut nature 75 cl.,"Añadir
",https://www.carrefour.es/supermercado/bebidas/cat20003/c?offset=960,,,,
975,"
1,53 €","1,53 €/l",Vino tinto de mesa Cumbre de Gredos brik 1 l.,"Añadir
",https://www.carrefour.es/supermercado/bebidas/cat20003/c?offset=960,,,,
976,"
19,98 €","19,98 €/ud",Elyssia,"Añadir
",https://www.carrefour.es/supermercado/bebidas/cat20003/c?offset=984,,,,
977,"
7,49 €","7,49 €/ud",El Hayedo Tinto Roble 2018,Bio,"Añadir
",https://www.carrefour.es/supermercado/bebidas/cat20003/c?offset=984,,,
978,"
8,85 €","8,49 €","8,85 €/ud
 | 
8,49 €/ud",Anna De Codorniu Brut Ecológico Cava Reserva,Bio,"Añadir
",https://www.carrefour.es/supermercado/bebidas/cat20003/c?offset=984,,
979,"
12,89 €","18,41 €/l",Crema irlandesa Baileys sabor café 70 cl.,"Añadir
",https://www.carrefour.es/supermercado/bebidas/cat20003/c?offset=984,,,,
980,"
1,22 €","1,22 €/ud",Vino D.O. Valdepeñas Rosado tempranillo Viña Lobón 75 cl.,"Añadir
",https://www.carrefour.es/supermercado/bebidas/cat20003/c?offset=984,,,,
981,"
2,59 €","7,85 €/l",Cerveza tostadaAlhambra Baltic Porter botella 33 cl.,"Añadir
",https://www.carrefour.es/supermercado/bebidas/cat20003/c?offset=984,,,,
982,"
0,79 €","2,55 €/l",Zumo Sunny Delight Florida botella 31 cl.,"Añadir
",https://www.carrefour.es/supermercado/bebidas/cat20003/c?offset=984,,,,
983,"
6,49 €","6,49 €/ud",La Ina Fino,"Añadir
",https://www.carrefour.es/supermercado/bebidas/cat20003/c?offset=984,,,,
984,"
1,58 €","0,79 €/100g",Jabón de manos en pastilla Original Dove pack de 2 unidades de 100 g.,"Añadir
",https://www.carrefour.es/supermercado/perfumeria-e-higiene/cat20004/c?offset=24,,,,
985,"
2,39 €","2,29 €","3,19 €/100ml
 | 
3,05 €/100ml",Dentífrico blanqueador para dientes más blancos al instante Max White Optic Colgate 75 ml.,Ver productos de la promoción,"Añadir
",https://www.carrefour.es/supermercado/perfumeria-e-higiene/cat20004/c?offset=24,,
986,"
1,70 €","3,40 €/100ml",Desodorante roll-on antitranspirante 48h 0% Alcohol Original Dove 50 ml.,Ver productos de la promoción,"Añadir
",https://www.carrefour.es/supermercado/perfumeria-e-higiene/cat20004/c?offset=24,,,
987,"
1,65 €","2,20 €/100ml",Dentífrico anticaries frescor a menta Triple Action Colgate 75 ml.,"Añadir
",https://www.carrefour.es/supermercado/perfumeria-e-higiene/cat20004/c?offset=24,,,,
988,"
4,59 €","0,12 €/ud",Compresas normal con alas ultrafina Ausonia 36 ud.,"Añadir
",https://www.carrefour.es/supermercado/perfumeria-e-higiene/cat20004/c?offset=24,,,,
989,"
1,20 €","0,16 €/100ml",Gel de ducha Hidratante Coco Carrefour 750 ml.,"Añadir
",https://www.carrefour.es/supermercado/perfumeria-e-higiene/cat20004/c?offset=24,,,,
990,"
1,18 €","0,16 €/100ml",Gel de ducha vainilla Carrefour 750 ml.,"Añadir
",https://www.carrefour.es/supermercado/perfumeria-e-higiene/cat20004/c?offset=24,,,,
991,"
4,79 €","0,20 €/ud",Compresas con alas para noche ultrafina Ausonia 24 ud.,"Añadir
",https://www.carrefour.es/supermercado/perfumeria-e-higiene/cat20004/c?offset=24,,,,
992,"
4,85 €","4,75 €","0,57 €/100ml
 | 
0,56 €/100ml",Champú hidratación intensa para cabello seco a dañado Tresemmé 855 ml.,Ver productos de la promoción,"Añadir
",https://www.carrefour.es/supermercado/perfumeria-e-higiene/cat20004/c?offset=48,,
993,"
4,26 €","4,25 €","0,18 €/ud
 | 
0,18 €/ud",Tampones super con aplicador PearlTampax 24 ud.,Ver productos de la promoción,"Añadir
",https://www.carrefour.es/supermercado/perfumeria-e-higiene/cat20004/c?offset=48,,
994,"
3,90 €","1,30 €/100ml",Mascarilla capilar reconstructora de keratina Repara & Protege Pantene Pro-V 300 ml.,Ver productos de la promoción,"Añadir
",https://www.carrefour.es/supermercado/perfumeria-e-higiene/cat20004/c?offset=48,,,
995,"
5,55 €","3,70 €/100ml",Dentífrico para dientes sensibles Duplo Pack Protección Diaria Sensodyne pack de 2 unidades de 75 ml.,"Añadir
",https://www.carrefour.es/supermercado/perfumeria-e-higiene/cat20004/c?offset=48,,,,
996,"
3,64 €","0,98 €/100ml",Champú protector para el pelo teñido Color Vive Elvive L'Oréal Paris 370 ml.,Ver productos de la promoción,"Añadir
",https://www.carrefour.es/supermercado/perfumeria-e-higiene/cat20004/c?offset=48,,,
997,"
3,29 €","0,97 €/100ml",Champú anticaspa Classic H&S 340 ml.,"Añadir
",https://www.carrefour.es/supermercado/perfumeria-e-higiene/cat20004/c?offset=48,,,,
998,"
2,79 €","1,39 €/100ml",Dentífrico Bicarbonato Blanqueador Signal pack de 2 unidades de 100 ml.,"Añadir
",https://www.carrefour.es/supermercado/perfumeria-e-higiene/cat20004/c?offset=48,,,,
999,"
4,38 €","1,09 €/100ml",Desodorante en spray Cobalt Blue anti-transpirante Rexona pack de 2 unidades de 200 ml.,"Añadir
",https://www.carrefour.es/supermercado/perfumeria-e-higiene/cat20004/c?offset=48,,,,
1000,"
4,49 €","0,25 €/ud",Compresas noche con alas Cottonlike Evax 18 ud.,Ver productos de la promoción,"Añadir
",https://www.carrefour.es/supermercado/perfumeria-e-higiene/cat20004/c?offset=72,,,
1001,"
3,49 €","0,39 €/100ml",Gel de ducha dermo pro hydrate para piel muy seca BiomeProtect Sanex 900 ml.,"Añadir
",https://www.carrefour.es/supermercado/perfumeria-e-higiene/cat20004/c?offset=72,,,,
1002,"
1,82 €","0,25 €/100ml",Gel de ducha kiss fresa y nata Tulipán Negro 600 ml.,"Añadir
",https://www.carrefour.es/supermercado/perfumeria-e-higiene/cat20004/c?offset=72,,,,
1003,"
2,49 €","2,49 €/ud",Cepillo de dientes medio en zigzag limpieza profunda Colgate 2+1 ud.,"Añadir
",https://www.carrefour.es/supermercado/perfumeria-e-higiene/cat20004/c?offset=72,,,,
1004,"
1,20 €","0,16 €/100ml",Gel de ducha Hidratante Avena Carrefour 500 ml.,"Añadir
",https://www.carrefour.es/supermercado/perfumeria-e-higiene/cat20004/c?offset=72,,,,
1005,"
3,39 €","2,26 €/100ml",Dentífrico con cristales refrescantes frescor duradero Max Fresh Colgate pack de 2 unidades de 75 ml.,Ver productos de la promoción,"Añadir
",https://www.carrefour.es/supermercado/perfumeria-e-higiene/cat20004/c?offset=72,,,
1006,"
1,13 €","0,23 €/100ml",Jabón de manos aloe vera Carrefour 500 ml.,"Añadir
",https://www.carrefour.es/supermercado/perfumeria-e-higiene/cat20004/c?offset=72,,,,
1007,"
1,20 €","0,16 €/100ml",Gel de ducha con aloe vera Carrefour 750 ml.,"Añadir
",https://www.carrefour.es/supermercado/perfumeria-e-higiene/cat20004/c?offset=72,,,,
1008,"
1,95 €","0,39 €/100ml",Jabón de manos con rosa mosqueta Babaria 500 ml.,"Añadir
",https://www.carrefour.es/supermercado/perfumeria-e-higiene/cat20004/c?offset=96,,,,
1009,"
2,09 €","0,70 €/100ml",Jabón de manos líquido con leche de almendra limpieza y cuidado Naturals Palmolive 300 ml.,"Añadir
",https://www.carrefour.es/supermercado/perfumeria-e-higiene/cat20004/c?offset=96,,,,
1010,"
3,85 €","0,10 €/ud",Compresas normal sin alas fina y segura Evax 40 ud.,"Añadir
",https://www.carrefour.es/supermercado/perfumeria-e-higiene/cat20004/c?offset=96,,,,
1011,"
3,09 €","0,51 €/100ml",Gel de ducha dermo protector piel normal prebiótico combate las bacterias BiomeProtect Sanex 600 ml.,"Añadir
",https://www.carrefour.es/supermercado/perfumeria-e-higiene/cat20004/c?offset=96,,,,
1012,"
1,99 €","0,08 €/ud",Compresas ultrafinas con alas super Carrefour 24 ud.,"Añadir
",https://www.carrefour.es/supermercado/perfumeria-e-higiene/cat20004/c?offset=96,,,,
1013,"
1,20 €","0,16 €/100ml",Gel de ducha Nostalgia Carrefour 750 ml.,"Añadir
",https://www.carrefour.es/supermercado/perfumeria-e-higiene/cat20004/c?offset=96,,,,
1014,"
2,65 €","1,06 €/100ml",Jabón de manos hidratante con protección total contra agentes externos Sanytol 250 ml.,"Añadir
",https://www.carrefour.es/supermercado/perfumeria-e-higiene/cat20004/c?offset=96,,,,
1015,"
0,86 €","0,09 €/ud",Maquinillas desechables para mujer 2 hojas 10 ud.,"Añadir
",https://www.carrefour.es/supermercado/perfumeria-e-higiene/cat20004/c?offset=96,,,,
1016,"
1,99 €","0,99 €/100ml",Desodorante en spray con proteínas de leche Lactovit 200 ml.,"Añadir
",https://www.carrefour.es/supermercado/perfumeria-e-higiene/cat20004/c?offset=120,,,,
1017,"
3,09 €","0,51 €/100ml",Gel de ducha hidratante para piel seca Zero% Sanex 600 ml.,"Añadir
",https://www.carrefour.es/supermercado/perfumeria-e-higiene/cat20004/c?offset=120,,,,
1018,"
4,63 €","0,93 €/100ml",Enjuague bucal Protección Profesional Pro-Expert Oral-B 500 ml.,"Añadir
",https://www.carrefour.es/supermercado/perfumeria-e-higiene/cat20004/c?offset=120,,,,
1019,"
2,99 €","1,20 €/100ml",Desodorante en spray Black&White Invisible Original Nivea Men 250 ml.,"Añadir
",https://www.carrefour.es/supermercado/perfumeria-e-higiene/cat20004/c?offset=120,,,,
1020,"
2,99 €","1,20 €/100ml",Espuma Rizos Definidos nivel de fijación 5 24h de duraciónPantene Pro-V 250 ml.,Ver productos de la promoción,"Añadir
",https://www.carrefour.es/supermercado/perfumeria-e-higiene/cat20004/c?offset=120,,,
1021,"
4,38 €","1,09 €/100ml",Desodorante en spray duplo aloe vera Motion Sense Rexona 200 ml.,"Añadir
",https://www.carrefour.es/supermercado/perfumeria-e-higiene/cat20004/c?offset=120,,,,
1022,"
1,55 €","3,10 €/100ml",Desodorante roll-on sensitive sin perfume eficacia y cuidado 48h Byly 50 ml.,"Añadir
",https://www.carrefour.es/supermercado/perfumeria-e-higiene/cat20004/c?offset=120,,,,
1023,"
3,49 €","3,19 €","0,54 €/100ml
 | 
0,49 €/100ml",Gel de ducha Marine Magno 650 ml.,Ver productos de la promoción,"Añadir
",https://www.carrefour.es/supermercado/perfumeria-e-higiene/cat20004/c?offset=120,,
1024,"
2,99 €","2,79 €","1,49 €/100ml
 | 
1,39 €/100ml",Gel series piel sensible Gillette 200 ml.,Ver productos de la promoción,"Añadir
",https://www.carrefour.es/supermercado/perfumeria-e-higiene/cat20004/c?offset=144,,
1025,"
2,20 €","0,14 €/ud",Compresas Cottonlike normal con alas Evax 16 ud.,"Añadir
",https://www.carrefour.es/supermercado/perfumeria-e-higiene/cat20004/c?offset=144,,,,
1026,"
3,49 €","0,22 €/ud",Tampones regular pearl compak Tampax 16 ud.,Ver productos de la promoción,"Añadir
",https://www.carrefour.es/supermercado/perfumeria-e-higiene/cat20004/c?offset=144,,,
1027,"
3,99 €","1,33 €/100ml",Mascarilla capilar reparadora para cabello muy dañado Total Repair 5 Elvive L'Oréal Paris 300 ml.,"Añadir
",https://www.carrefour.es/supermercado/perfumeria-e-higiene/cat20004/c?offset=144,,,,
1028,"
5,27 €","1,32 €/100ml",Desodorante en spray dermo invisible protección 24h pH Balance Sanex pack de 2 unidades de 200 ml.,Ver productos de la promoción,"Añadir
",https://www.carrefour.es/supermercado/perfumeria-e-higiene/cat20004/c?offset=144,,,
1029,"
1,13 €","0,23 €/100ml",Jabón de manos Nostalgia Carrefour 500 ml.,"Añadir
",https://www.carrefour.es/supermercado/perfumeria-e-higiene/cat20004/c?offset=144,,,,
1030,"
1,84 €","0,03 €/ud",Discos desmaquillantes sensitive Demak'Up 60 ud.,"Añadir
",https://www.carrefour.es/supermercado/perfumeria-e-higiene/cat20004/c?offset=144,,,,
1031,"
3,35 €","0,04 €/ud",Protegeslip cotton feel normal Carefree 76 ud.,"Añadir
",https://www.carrefour.es/supermercado/perfumeria-e-higiene/cat20004/c?offset=144,,,,
1032,"
4,05 €","5,40 €/100ml",Dentífrico para dientes sensibles Repair & Protect Sensodyne 75 ml.,"Añadir
",https://www.carrefour.es/supermercado/perfumeria-e-higiene/cat20004/c?offset=168,,,,
1033,"
2,19 €","4,38 €/100ml",Dentífrico para niños +3 años Maximum Protection Caries Colgate 50 ml.,"Añadir
",https://www.carrefour.es/supermercado/perfumeria-e-higiene/cat20004/c?offset=168,,,,
1034,"
3,25 €","1,08 €/100ml",Acondicionador para cabello débil o dañado Repara & Protege Pantene Pro-V 300 ml.,Ver productos de la promoción,"Añadir
",https://www.carrefour.es/supermercado/perfumeria-e-higiene/cat20004/c?offset=168,,,
1035,"
2,15 €","2,05 €","4,30 €/100ml
 | 
4,10 €/100ml",Desodorante stick con crema antitranspirante 24h original Dove 50 ml.,Ver productos de la promoción,"Añadir
",https://www.carrefour.es/supermercado/perfumeria-e-higiene/cat20004/c?offset=168,,
1036,"
3,99 €","1,33 €/100ml",Mascarilla reconstructora para pelo largo y dañado Dream Long L'Oréal Elvive 300 ml.,"Añadir
",https://www.carrefour.es/supermercado/perfumeria-e-higiene/cat20004/c?offset=168,,,,
1037,"
2,85 €","3,80 €/100ml",Dentífrico con ingredientes antibacterianos Total Esmalte Sano Colgate 75 ml.,Ver productos de la promoción,"Añadir
",https://www.carrefour.es/supermercado/perfumeria-e-higiene/cat20004/c?offset=168,,,
1038,"
3,32 €","0,92 €/100ml",Champú fortificante Pure Fresh Agua de Coco para raíces grasas y puntas secas Garnier-Fructis 360 ml.,"Añadir
",https://www.carrefour.es/supermercado/perfumeria-e-higiene/cat20004/c?offset=168,,,,
1039,"
1,99 €","0,99 €/100ml",Gel de higiene intima con extracto de caléndula ecológica Carrfour Soft Bio 200 ml.,Bio,"Añadir
",https://www.carrefour.es/supermercado/perfumeria-e-higiene/cat20004/c?offset=168,,,
1040,"
0,99 €","0,13 €/100ml",Champú brillo exprés Carrefour 750 ml.,"Añadir
",https://www.carrefour.es/supermercado/perfumeria-e-higiene/cat20004/c?offset=192,,,,
1041,"
2,30 €","0,77 €/100ml",Espuma de afeitar con sales minerales y aloe de vera para piel sensible La Toja 300 ml.,"Añadir
",https://www.carrefour.es/supermercado/perfumeria-e-higiene/cat20004/c?offset=192,,,,
1042,"
1,90 €","2,53 €/100ml",DEO WILLIAMS ICE BLUE STICK 75,"Añadir
",https://www.carrefour.es/supermercado/perfumeria-e-higiene/cat20004/c?offset=192,,,,
1043,"
2,51 €","1,67 €/100ml",Desodorante en spray para hombre dark temptation Axe 150 ml.,"Añadir
",https://www.carrefour.es/supermercado/perfumeria-e-higiene/cat20004/c?offset=192,,,,
1044,"
1,05 €","0,04 €/ud",Toallitas desmaquillantes hidratante y refrescantes para piel seca y sensible cara y ojos Carrefour Soft 25 ud.,"Añadir
",https://www.carrefour.es/supermercado/perfumeria-e-higiene/cat20004/c?offset=192,,,,
1045,"
1,85 €","3,70 €/100ml",Desodorante roll-on anti-transpirante Dry Comfort Nivea 50 ml.,"Añadir
",https://www.carrefour.es/supermercado/perfumeria-e-higiene/cat20004/c?offset=192,,,,
1046,"
1,99 €","0,27 €/100ml",Gel de ducha para piel sensible hipoalergénico Natura Instituto Español 750 ml.,"Añadir
",https://www.carrefour.es/supermercado/perfumeria-e-higiene/cat20004/c?offset=192,,,,
1047,"
3,09 €","0,51 €/100ml",Gel de ducha hidratante para piel normal Zero% Sanex 600 ml.,"Añadir
",https://www.carrefour.es/supermercado/perfumeria-e-higiene/cat20004/c?offset=192,,,,
1048,"
2,39 €","0,60 €/100ml",Gel de ducha Wellness Massage con sal marina Palmolive 400 ml.,"Añadir
",https://www.carrefour.es/supermercado/perfumeria-e-higiene/cat20004/c?offset=216,,,,
1049,"
2,93 €","1,17 €/100ml",Desodorante en spray Black&White Invisible Original Nivea 250 ml.,"Añadir
",https://www.carrefour.es/supermercado/perfumeria-e-higiene/cat20004/c?offset=216,,,,
1050,"
2,29 €","0,08 €/ud",Protegeslip maxi plus Evax 30 ud.,"Añadir
",https://www.carrefour.es/supermercado/perfumeria-e-higiene/cat20004/c?offset=216,,,,
1051,"
2,05 €","0,20 €/ud",Compresas noche superplus Ausonia 10 ud.,"Añadir
",https://www.carrefour.es/supermercado/perfumeria-e-higiene/cat20004/c?offset=216,,,,
1052,"
4,49 €","1,15 €/100ml",Mascarilla capilar 3 en 1 Hair Food banana ultra-nutritiva para cabello seco Garnier-Fructis 390 ml.,Ver productos de la promoción,"Añadir
",https://www.carrefour.es/supermercado/perfumeria-e-higiene/cat20004/c?offset=216,,,
1053,"
3,80 €","3,79 €","1,27 €/100ml
 | 
1,26 €/100ml",Mascarilla capilar Nutri Rizos Contouring para cabello rizado u ondulado Garnier-Fructis 300 ml.,Ver productos de la promoción,"Añadir
",https://www.carrefour.es/supermercado/perfumeria-e-higiene/cat20004/c?offset=216,,
1054,"
2,49 €","3,32 €/100ml",Dentífrico blanqueador 1 tono más blanco en una semana Max White One Colgate 75 ml.,Ver productos de la promoción,"Añadir
",https://www.carrefour.es/supermercado/perfumeria-e-higiene/cat20004/c?offset=216,,,
1055,"
3,19 €","0,21 €/100ml",Gel de ducha hidratante con aceite de almendras dulces Natural Honey 1500 ml.,"Añadir
",https://www.carrefour.es/supermercado/perfumeria-e-higiene/cat20004/c?offset=216,,,,
1056,"
4,86 €","0,24 €/ud",Compresas Cottonlike superplus con alas Evax 20 ud.,"Añadir
",https://www.carrefour.es/supermercado/perfumeria-e-higiene/cat20004/c?offset=240,,,,
1057,"
5,69 €","0,81 €/100ml",Champú para rizos definidos Pro-V Pantene 700 ml.,Ver productos de la promoción,"Añadir
",https://www.carrefour.es/supermercado/perfumeria-e-higiene/cat20004/c?offset=240,,,
1058,"
4,85 €","0,57 €/100ml",Champú liso y sedoso proteínas de seda & aceite de argán para cabello seco y tendencia a encresparse Tresemmé 855 ml,Ver productos de la promoción,"Añadir
",https://www.carrefour.es/supermercado/perfumeria-e-higiene/cat20004/c?offset=240,,,
1059,"
1,99 €","0,16 €/100ml",Gel de ducha hidratante aloe vera Instituto Español 1250 ml.,"Añadir
",https://www.carrefour.es/supermercado/perfumeria-e-higiene/cat20004/c?offset=240,,,,
1060,"
3,05 €","2,99 €","3,05 €/100ml
 | 
2,99 €/100ml",Desodorante roll-on invisible dry Dove pack de 2 unidades de 50 ml.,Ver productos de la promoción,"Añadir
",https://www.carrefour.es/supermercado/perfumeria-e-higiene/cat20004/c?offset=240,,
1061,"
4,95 €","0,14 €/ud",Tampones Compak regular Tampax 36 ud.,"Añadir
",https://www.carrefour.es/supermercado/perfumeria-e-higiene/cat20004/c?offset=240,,,,
1062,"
5,60 €","1,12 €/100ml",Enjuague bucal Cuidado Total zero Listerine 500 ml.,"Añadir
",https://www.carrefour.es/supermercado/perfumeria-e-higiene/cat20004/c?offset=240,,,,
1063,"
2,09 €","0,07 €/ud",Compresas normal con alas ultrafina Carrefour 28 ud.,"Añadir
",https://www.carrefour.es/supermercado/perfumeria-e-higiene/cat20004/c?offset=240,,,,
1064,"
7,12 €","0,20 €/ud",Tampones regular Compak Pearl Tampax 36 ud.,Ver productos de la promoción,"Añadir
",https://www.carrefour.es/supermercado/perfumeria-e-higiene/cat20004/c?offset=264,,,
1065,"
3,95 €","0,79 €/100ml",Gel de baño para el cuidado de pieles atópicas secas y sensibles Instituto Español 500 ml.,"Añadir
",https://www.carrefour.es/supermercado/perfumeria-e-higiene/cat20004/c?offset=264,,,,
1066,"
3,60 €","0,16 €/ud",Tampones Compak Lites Tampax 22 ud.,"Añadir
",https://www.carrefour.es/supermercado/perfumeria-e-higiene/cat20004/c?offset=264,,,,
1067,"
3,39 €","2,26 €/100ml",Dentífrico blanqueador dientes más blancos en 10 días Sensation Colgate pack de 2 unidades de 75 ml.,"Añadir
",https://www.carrefour.es/supermercado/perfumeria-e-higiene/cat20004/c?offset=264,,,,
1068,"
2 €",4 €/100ml,Desodorante roll-on extra control protección 48h Zero% Sanex 50 ml.,"Añadir
",https://www.carrefour.es/supermercado/perfumeria-e-higiene/cat20004/c?offset=264,,,,
1069,"
4,05 €","5,40 €/100ml",Dentífrico para dientes sensibles blanqueante Repair & Protect Sensodyne 75 ml.,"Añadir
",https://www.carrefour.es/supermercado/perfumeria-e-higiene/cat20004/c?offset=264,,,,
1070,"
2,15 €","0,07 €/ud",Tampones con aplicador Normal Carrefour 32 ud.,"Añadir
",https://www.carrefour.es/supermercado/perfumeria-e-higiene/cat20004/c?offset=264,,,,
1071,"
4,19 €","5,59 €/100ml",Dentífrico protección encías cuidado diario antibacteriano Encías Revitalizantes Colgate 75 ml.,Ver productos de la promoción,"Añadir
",https://www.carrefour.es/supermercado/perfumeria-e-higiene/cat20004/c?offset=264,,,
1072,"
12,95 €","3,24 €/ud",Recambios maquinilla Venus ComfortGlide Breeze Gillette 4 ud.,"Añadir
",https://www.carrefour.es/supermercado/perfumeria-e-higiene/cat20004/c?offset=288,,,,
1073,"
4,38 €","1,09 €/100ml",Desodorante en spray algodón Rexona pack de 2 unidades de 200 ml.,"Añadir
",https://www.carrefour.es/supermercado/perfumeria-e-higiene/cat20004/c?offset=288,,,,
1074,"
3,99 €","1,33 €/100ml",Mascarilla capilar nutritiva con aceite de marula Liso Keratina Tresemmé 300 ml.,Ver productos de la promoción,"Añadir
",https://www.carrefour.es/supermercado/perfumeria-e-higiene/cat20004/c?offset=288,,,
1075,"
3,19 €","2,89 €","4,25 €/100ml
 | 
3,85 €/100ml",Dentífrico blanqueador Max White Carbón Colgate 75 ml.,Ver productos de la promoción,"Añadir
",https://www.carrefour.es/supermercado/perfumeria-e-higiene/cat20004/c?offset=288,,
1076,"
3,99 €","1,33 €/100ml",Mascarilla capilar protectora para cabello teñido o con mechas Elvive Color Vive L'Oréal Paris 300 ml.,"Añadir
",https://www.carrefour.es/supermercado/perfumeria-e-higiene/cat20004/c?offset=288,,,,
1077,"
4,19 €","2,09 €/100ml","Champú violeta matizador para el pelo con mechas, rubio, decolorado o gris Color Vive L'Oréal-Elvive 200 ml.",Ver productos de la promoción,"Añadir
",https://www.carrefour.es/supermercado/perfumeria-e-higiene/cat20004/c?offset=288,,,
1078,"
3,89 €","1,94 €/100ml",Acondicionador intensivo para para pelo dañado Repara & Protege 3Min Miracle Pantene Pro-V 200 ml.,Ver productos de la promoción,"Añadir
",https://www.carrefour.es/supermercado/perfumeria-e-higiene/cat20004/c?offset=288,,,
1079,"
2,59 €","0,52 €/100ml",Jabón de manos vainilla y karité Becasan Nature 500 ml.,"Añadir
",https://www.carrefour.es/supermercado/perfumeria-e-higiene/cat20004/c?offset=288,,,,
1080,"
2,19 €","0,07 €/ud",Protegeslip Adapt Evax 30 ud.,"Añadir
",https://www.carrefour.es/supermercado/perfumeria-e-higiene/cat20004/c?offset=312,,,,
1081,"
3,15 €",21 €/l,Desodorante desinfectante calzado Sanytol 150 ml.,"Añadir
",https://www.carrefour.es/supermercado/perfumeria-e-higiene/cat20004/c?offset=312,,,,
1082,"
2,29 €","3,05 €/100ml",Dentífrico blanqueador con sensi-espuma para dientes sensibles Sensitive Colgate 75 ml.,"Añadir
",https://www.carrefour.es/supermercado/perfumeria-e-higiene/cat20004/c?offset=312,,,,
1083,"
12,35 €","0,88 €/ud",Maquinillas desechables Gillette 16 ud.,"Añadir
",https://www.carrefour.es/supermercado/perfumeria-e-higiene/cat20004/c?offset=312,,,,
1084,"
4,49 €","1,15 €/100ml",Mascarilla capilar 3 en 1 Hair Food papaya reparadora para cabello dañado Garnier-Fructis 390 ml.,Ver productos de la promoción,"Añadir
",https://www.carrefour.es/supermercado/perfumeria-e-higiene/cat20004/c?offset=312,,,
1085,"
2,05 €","1,93 €","4,10 €/100ml
 | 
3,86 €/100ml",Desodorante roll-on para hombre Cobalt anti-transpirante Rexona 50 ml.,Ver productos de la promoción,"Añadir
",https://www.carrefour.es/supermercado/perfumeria-e-higiene/cat20004/c?offset=312,,
1086,"
0,77 €","1,03 €/100ml",Dentifrico infantil de mas de 7 años Carrefour 75 ml.,"Añadir
",https://www.carrefour.es/supermercado/perfumeria-e-higiene/cat20004/c?offset=312,,,,
1087,"
1,61 €","0,25 €/100ml",Gel de ducha Frescor de Colonia Natural Honey 650 ml.,"Añadir
",https://www.carrefour.es/supermercado/perfumeria-e-higiene/cat20004/c?offset=312,,,,
1088,"
1,83 €","1,83 €/100ml",Desodorante stick classic Tulipán Negro 75 ml.,"Añadir
",https://www.carrefour.es/supermercado/perfumeria-e-higiene/cat20004/c?offset=336,,,,
1089,"
3,25 €","1,08 €/100ml",Acondicionador para cabello encrespado o apagado Suave & Liso Pantene Pro-V 300 ml.,Ver productos de la promoción,"Añadir
",https://www.carrefour.es/supermercado/perfumeria-e-higiene/cat20004/c?offset=336,,,
1090,"
0,71 €","0,71 €/100ml",Dentífrico Fresh Dentalyss Carrefour 100 ml.,"Añadir
",https://www.carrefour.es/supermercado/perfumeria-e-higiene/cat20004/c?offset=336,,,,
1091,"
3,29 €","0,97 €/100ml",Champú anticaspa Classic 2 en 1 H&S 340 ml.,"Añadir
",https://www.carrefour.es/supermercado/perfumeria-e-higiene/cat20004/c?offset=336,,,,
1092,"
1,59 €","0,40 €/100g",Jabón de manos de marsella en pastilla Simpl Choice 4 ud.,"Añadir
",https://www.carrefour.es/supermercado/perfumeria-e-higiene/cat20004/c?offset=336,,,,
1093,"
7,25 €","1,07 €/100ml","Champú, acondicionador y tratamiento 3en1 Repara & Protege Pro-V Pantene 675 ml.",Ver productos de la promoción,"Añadir
",https://www.carrefour.es/supermercado/perfumeria-e-higiene/cat20004/c?offset=336,,,
1094,"
8,95 €","4,47 €/ud",REC.CEPIL PREC.CLEAN ORAL B X2,"Añadir
",https://www.carrefour.es/supermercado/perfumeria-e-higiene/cat20004/c?offset=336,,,,
1095,"
0,89 €","0,06 €/ud",Compresas Ultra fina Normal 16 ud.,"Añadir
",https://www.carrefour.es/supermercado/perfumeria-e-higiene/cat20004/c?offset=336,,,,
1096,"
3,32 €","0,92 €/100ml",Champú fortificante Adiós Daños para cabello dañado Garnier-Fructis 360 ml.,"Añadir
",https://www.carrefour.es/supermercado/perfumeria-e-higiene/cat20004/c?offset=360,,,,
1097,"
2,39 €","0,24 €/100ml",Enjuague bucal multi action Carrefour Soft 1 l.,"Añadir
",https://www.carrefour.es/supermercado/perfumeria-e-higiene/cat20004/c?offset=360,,,,
1098,"
5,09 €","1,27 €/100ml",Champú reparación con aceite de argán bío:renew Herbal Essences 400 ml.,Ver productos de la promoción,"Añadir
",https://www.carrefour.es/supermercado/perfumeria-e-higiene/cat20004/c?offset=360,,,
1099,"
3,70 €","1,85 €/100ml",Gel de afeitar Sensitive cool Gillette 200 ml.,Ver productos de la promoción,"Añadir
",https://www.carrefour.es/supermercado/perfumeria-e-higiene/cat20004/c?offset=360,,,
1100,"
1,58 €","0,12 €/ud",Compresas maxi/super sin alasfina y segura Evax 13 ud.,"Añadir
",https://www.carrefour.es/supermercado/perfumeria-e-higiene/cat20004/c?offset=360,,,,
1101,"
3,79 €","1,52 €/100ml",Gel íntimo Chilly 250 ml.,"Añadir
",https://www.carrefour.es/supermercado/perfumeria-e-higiene/cat20004/c?offset=360,,,,
1102,"
3,75 €","1,87 €/100ml",Desodorante en spray Black Axe 200 ml.,"Añadir
",https://www.carrefour.es/supermercado/perfumeria-e-higiene/cat20004/c?offset=360,,,,
1103,"
5,18 €","1,04 €/100ml",Enjuague bucal protección dientes y encías menta fresca Listerine 500 ml.,"Añadir
",https://www.carrefour.es/supermercado/perfumeria-e-higiene/cat20004/c?offset=360,,,,
1104,"
2,45 €","0,38 €/100ml",Agua de colonia original Heno De Pravia 780 ml.,"Añadir
",https://www.carrefour.es/supermercado/perfumeria-e-higiene/cat20004/c?offset=384,,,,
1105,"
3,49 €","1,40 €/100ml",Desodorante en spray Dry Impact Nivea Men 250 ml.,"Añadir
",https://www.carrefour.es/supermercado/perfumeria-e-higiene/cat20004/c?offset=384,,,,
1106,"
3,29 €","0,97 €/100ml",Champú anticaspa Suave & Sedoso H&S 340 ml.,"Añadir
",https://www.carrefour.es/supermercado/perfumeria-e-higiene/cat20004/c?offset=384,,,,
1107,"
1,20 €","0,02 €/ud",Discos desmaquillantes suaves avalados ecológicos Carrefour Bio 50 ud.,Bio,"Añadir
",https://www.carrefour.es/supermercado/perfumeria-e-higiene/cat20004/c?offset=384,,,
1108,"
1,22 €","0,81 €/100ml",Desodorante en spray de chocolate Amalfi 150 ml.,"Añadir
",https://www.carrefour.es/supermercado/perfumeria-e-higiene/cat20004/c?offset=384,,,,
1109,"
1,67 €","0,08 €/ud",Tampones con aplicador compact super Carrefour 20 ud.,"Añadir
",https://www.carrefour.es/supermercado/perfumeria-e-higiene/cat20004/c?offset=384,,,,
1110,"
0,82 €","0,41 €/100ml",Desenredante en spray Carrefour Kids 200 ml.,"Añadir
",https://www.carrefour.es/supermercado/perfumeria-e-higiene/cat20004/c?offset=384,,,,
1111,"
9,95 €","1,11 €/100ml",Champú anticaspa Citrus Fresh H&S 900 ml.,"Añadir
",https://www.carrefour.es/supermercado/perfumeria-e-higiene/cat20004/c?offset=384,,,,
1112,"
1,24 €","0,41 €/100ml",Champú fresa para niños Carrefour Kids 300 ml.,"Añadir
",https://www.carrefour.es/supermercado/perfumeria-e-higiene/cat20004/c?offset=408,,,,
1113,"
3,80 €","1,27 €/100ml","Mascarilla capilar Liso & Brillo para cabello liso, rebelde o difícil de alisar Garnier-Fructis 300 ml.",Ver productos de la promoción,"Añadir
",https://www.carrefour.es/supermercado/perfumeria-e-higiene/cat20004/c?offset=408,,,
1114,"
5,99 €","0,50 €/ud",Preservativos natural Durex 12 ud.,"Añadir
",https://www.carrefour.es/supermercado/perfumeria-e-higiene/cat20004/c?offset=408,,,,
1115,"
2,89 €","0,24 €/ud",Compresas maxi noche Absodys Carrefour 12 ud.,"Añadir
",https://www.carrefour.es/supermercado/perfumeria-e-higiene/cat20004/c?offset=408,,,,
1116,"
4,49 €","5,99 €/100ml",Dentífrico blanqueadora sensibilidad & encias Calm Oral B 75 ml.,Ver productos de la promoción,"Añadir
",https://www.carrefour.es/supermercado/perfumeria-e-higiene/cat20004/c?offset=408,,,
1117,"
6,15 €","0,26 €/ud",Compresas para pérdidas de orina normal Ausonia Discreet 24 ud.,"Añadir
",https://www.carrefour.es/supermercado/perfumeria-e-higiene/cat20004/c?offset=408,,,,
1118,"
5 €","1,25 €/100ml",Loción corporal reafirmante con vitamina C para piel normal Nivea Q10 400 ml.,"Añadir
",https://www.carrefour.es/supermercado/perfumeria-e-higiene/cat20004/c?offset=408,,,,
1119,"
3,32 €","0,92 €/100ml",Champú fortificante Anticaspa para cabello normal Garnier-Fructis 360 ml.,"Añadir
",https://www.carrefour.es/supermercado/perfumeria-e-higiene/cat20004/c?offset=408,,,,
1120,"
2,49 €","1,24 €/100ml",Desodorante en spray Natural 24h. Heno de Pravia 200 ml.,"Añadir
",https://www.carrefour.es/supermercado/perfumeria-e-higiene/cat20004/c?offset=432,,,,
1121,"
9,95 €","1,11 €/100ml",Champú anticaspa Classic H&S 900 ml.,"Añadir
",https://www.carrefour.es/supermercado/perfumeria-e-higiene/cat20004/c?offset=432,,,,
1122,"
4,05 €","5,40 €/100ml",Dentífrico para dientes sensibles Sensibilidad & Encías Sensodyne 75 ml.,"Añadir
",https://www.carrefour.es/supermercado/perfumeria-e-higiene/cat20004/c?offset=432,,,,
1123,"
2,19 €","1,46 €/100ml",Desodorante para pies en spray con aloe vera controla la sudoración y la humedad de los pies Babaria 150 ml.,"Añadir
",https://www.carrefour.es/supermercado/perfumeria-e-higiene/cat20004/c?offset=432,,,,
1124,"
16,39 €","2,73 €/ud",Recambios maquinilla Mach3 Gillette 6 ud.,"Añadir
",https://www.carrefour.es/supermercado/perfumeria-e-higiene/cat20004/c?offset=432,,,,
1125,"
3,89 €","3,60 €","3,89 €/ud
 | 
3,60 €/ud",Cepillo de dientes medio eliminación de manchas de doble acción Max White Expert White Colgate 1 ud.,Ver productos de la promoción,"Añadir
",https://www.carrefour.es/supermercado/perfumeria-e-higiene/cat20004/c?offset=432,,
1126,"
1,78 €","0,11 €/ud",Compresas fina y segura normal sin alas Evax 16 ud.,"Añadir
",https://www.carrefour.es/supermercado/perfumeria-e-higiene/cat20004/c?offset=432,,,,
1127,"
3,99 €","1,33 €/100ml",Acondicionador anti rotura para pelos frágil y con tendencia a caerse Full Resist L'Oréal-Elvive 300 ml.,"Añadir
",https://www.carrefour.es/supermercado/perfumeria-e-higiene/cat20004/c?offset=432,,,,
1128,"
3,99 €","0,17 €/ud",Compresas incontinencia normal Absodys Carrefour 24 ud.,"Añadir
",https://www.carrefour.es/supermercado/perfumeria-e-higiene/cat20004/c?offset=456,,,,
1129,"
3,09 €","0,65 €/100ml",Gel de ducha cuerpo y cabello BiomeProtect Dermo Kids Sanex 475 ml.,"Añadir
",https://www.carrefour.es/supermercado/perfumeria-e-higiene/cat20004/c?offset=456,,,,
1130,"
3,99 €","1,33 €/100ml",Mascarilla capilar bálsamo nutritivo aceite extraordinario L'Oréal Elvive 300 ml.,"Añadir
",https://www.carrefour.es/supermercado/perfumeria-e-higiene/cat20004/c?offset=456,,,,
1131,"
2,49 €","0,42 €/100ml",Gel de ducha nutritivo Lactovit 600 ml.,"Añadir
",https://www.carrefour.es/supermercado/perfumeria-e-higiene/cat20004/c?offset=456,,,,
1132,"
4,85 €","0,57 €/100ml",Acondicionador liso y sedoso proteínas de seda & aceite de argán para cabello seco y tendencia a encresparse Tresemmé 855 ml.,Ver productos de la promoción,"Añadir
",https://www.carrefour.es/supermercado/perfumeria-e-higiene/cat20004/c?offset=456,,,
1133,"
2,09 €","2,09 €/ud",Bálsamo labial Original Liposan 1 ud.,"Añadir
",https://www.carrefour.es/supermercado/perfumeria-e-higiene/cat20004/c?offset=456,,,,
1134,"
3,09 €","1,54 €/100ml",Champú en seco original Batiste 200 ml.,"Añadir
",https://www.carrefour.es/supermercado/perfumeria-e-higiene/cat20004/c?offset=456,,,,
1135,"
4,67 €","1,17 €/100ml",Body milk nutritivo Bajo la Ducha para piel seca Nivea 400 ml.,"Añadir
",https://www.carrefour.es/supermercado/perfumeria-e-higiene/cat20004/c?offset=456,,,,
1136,"
2,70 €","0,45 €/100ml",Laca clásica Nelly 600 ml.,"Añadir
",https://www.carrefour.es/supermercado/perfumeria-e-higiene/cat20004/c?offset=480,,,,
1137,"
2,35 €","0,06 €/ud",Toallitas Desmaquilladoras Refrescantes Piel normal/mixta Nivea 40 ud.,"Añadir
",https://www.carrefour.es/supermercado/perfumeria-e-higiene/cat20004/c?offset=480,,,,
1138,"
3,89 €","0,19 €/ud",Compresas para pérdidas de orina mini Ausonia Discreet 20 ud.,"Añadir
",https://www.carrefour.es/supermercado/perfumeria-e-higiene/cat20004/c?offset=480,,,,
1139,"
3,95 €","1,32 €/100ml",Champú anticaída para cabellos normales NaturVital 300 ml.,"Añadir
",https://www.carrefour.es/supermercado/perfumeria-e-higiene/cat20004/c?offset=480,,,,
1140,"
2,39 €","2,20 €","2,39 €/ud
 | 
2,20 €/ud",Mascarilla facial de tela Hydra Bomb hidratante revitalizante con ácido hialurónico y granada antioxidante SkinActive Mask Tissu Garnier 1 ud.,Ver productos de la promoción,"Añadir
",https://www.carrefour.es/supermercado/perfumeria-e-higiene/cat20004/c?offset=480,,
1141,"
4,49 €","1,28 €/100ml",Champú Hair Food sandía revitalizante Garnier-Fructis 350 ml.,"Añadir
",https://www.carrefour.es/supermercado/perfumeria-e-higiene/cat20004/c?offset=480,,,,
1142,"
1,90 €","3,80 €/100ml",Dentífrico anti-manchas Denivit 50 ml.,"Añadir
",https://www.carrefour.es/supermercado/perfumeria-e-higiene/cat20004/c?offset=480,,,,
1143,"
9,95 €","1,11 €/100ml",Champú anticaspa Menthol Fresh H&S 900 ml.,"Añadir
",https://www.carrefour.es/supermercado/perfumeria-e-higiene/cat20004/c?offset=480,,,,
1144,"
1,65 €","0,41 €/100ml",Aceite corporal aloe vera Carrefour 400 ml.,"Añadir
",https://www.carrefour.es/supermercado/perfumeria-e-higiene/cat20004/c?offset=504,,,,
1145,"
4,19 €","1,86 €/100ml",Champú sin siliconas para pelo con cuerpo y volumen Volumen & Nutrición biotina + agua de rosas Miracles Pantene Pro-V 225 ml.,Ver productos de la promoción,"Añadir
",https://www.carrefour.es/supermercado/perfumeria-e-higiene/cat20004/c?offset=504,,,
1146,"
1,20 €","0,16 €/100ml",Gel de ducha Thermal Carrefour 750 ml.,"Añadir
",https://www.carrefour.es/supermercado/perfumeria-e-higiene/cat20004/c?offset=504,,,,
1147,"
2,20 €","0,55 €/100ml",Crema corporal hidratante para pieles atópicas Carrefour 400 ml.,"Añadir
",https://www.carrefour.es/supermercado/perfumeria-e-higiene/cat20004/c?offset=504,,,,
1148,"
0,99 €","0,04 €/ud",Toallitas desmaquillantes cara y ojos piel normal-mixta Carrefour Soft 25 ud.,"Añadir
",https://www.carrefour.es/supermercado/perfumeria-e-higiene/cat20004/c?offset=504,,,,
1149,"
2,45 €","1,22 €/100ml",Desodorante en spray Men Motion Sense Active protección+ anti-transpirant Rexona 200 ml.,"Añadir
",https://www.carrefour.es/supermercado/perfumeria-e-higiene/cat20004/c?offset=504,,,,
1150,"
7,30 €","0,49 €/ud",Maquinillas desechable para hombre Blue II Gillette 15 ud.,Ver productos de la promoción,"Añadir
",https://www.carrefour.es/supermercado/perfumeria-e-higiene/cat20004/c?offset=504,,,
1151,"
0,67 €","0,89 €/100ml",Dentífrico Xtra White Dentalyss 75 ml.,"Añadir
",https://www.carrefour.es/supermercado/perfumeria-e-higiene/cat20004/c?offset=504,,,,
1152,"
3,75 €","0,25 €/100ml",Gel de ducha Frescor de Colonia Natural Honey 1500 ml.,"Añadir
",https://www.carrefour.es/supermercado/perfumeria-e-higiene/cat20004/c?offset=528,,,,
1153,"
3,29 €","3,29 €/ud",Cepillo de dientes medio elimina las bacterias bucales 360 Colgate 1 ud.,"Añadir
",https://www.carrefour.es/supermercado/perfumeria-e-higiene/cat20004/c?offset=528,,,,
1154,"
5,19 €","0,26 €/ud",Compresas ultrafina con alas para noche extra Ausonia 20 ud.,"Añadir
",https://www.carrefour.es/supermercado/perfumeria-e-higiene/cat20004/c?offset=528,,,,
1155,"
4,05 €","0,20 €/ud",Compresas de incontinencia discreet mini Tena 20 ud.,"Añadir
",https://www.carrefour.es/supermercado/perfumeria-e-higiene/cat20004/c?offset=528,,,,
1156,"
3,29 €","0,82 €/100ml",Acondicionador bifásico desenreda y acondiciona Nelly 400 ml.,"Añadir
",https://www.carrefour.es/supermercado/perfumeria-e-higiene/cat20004/c?offset=528,,,,
1157,"
4,49 €","1,28 €/100ml",Champú Hair Food papaya reparador Garnier-Fructis 350 ml.,"Añadir
",https://www.carrefour.es/supermercado/perfumeria-e-higiene/cat20004/c?offset=528,,,,
1158,"
2 €",4 €/100ml,Desodorante roll-on 24h Zero% Respect & Control de olor Sanex Men 50 ml.,"Añadir
",https://www.carrefour.es/supermercado/perfumeria-e-higiene/cat20004/c?offset=528,,,,
1159,"
2,99 €","0,75 €/100ml",Champú aloe vera ecológico Carrefour Soft Bio 400 ml.,Bio,"Añadir
",https://www.carrefour.es/supermercado/perfumeria-e-higiene/cat20004/c?offset=528,,,
1160,"
3,05 €","0,76 €/100ml",Leche corporal hidratante con aceite de oliva para piel seca Nivea 400 ml.,"Añadir
",https://www.carrefour.es/supermercado/perfumeria-e-higiene/cat20004/c?offset=552,,,,
1161,"
1,33 €","1,33 €/100ml",Crema de manos reparadora secas y dañadas Carrefour 100 ml.,"Añadir
",https://www.carrefour.es/supermercado/perfumeria-e-higiene/cat20004/c?offset=552,,,,
1162,"
1,34 €","0,11 €/ud",Compresas ultra finas con alas noche Teen nightCarrefour 12 ud.,"Añadir
",https://www.carrefour.es/supermercado/perfumeria-e-higiene/cat20004/c?offset=552,,,,
1163,"
2,46 €","0,98 €/100ml",Gomina xtrema 'Control Total' Giorgi 250 ml.,"Añadir
",https://www.carrefour.es/supermercado/perfumeria-e-higiene/cat20004/c?offset=552,,,,
1164,"
5,10 €","4,95 €","11,33 €/100ml
 | 
11 €/100ml",Desodorante stick crema confidence Maximum Protection Rexona 45 ml.,Ver productos de la promoción,"Añadir
",https://www.carrefour.es/supermercado/perfumeria-e-higiene/cat20004/c?offset=552,,
1165,"
4,69 €","1,34 €/100ml",Champú Hair Food banana ultra-nutritivo Garnier-Fructis 350 ml.,"Añadir
",https://www.carrefour.es/supermercado/perfumeria-e-higiene/cat20004/c?offset=552,,,,
1166,"
2,15 €","0,09 €/ud",Esponja impregnada de gel dermatológico sólido pH neutro Genocure 24 ud,"Añadir
",https://www.carrefour.es/supermercado/perfumeria-e-higiene/cat20004/c?offset=552,,,,
1167,"
3,99 €","0,80 €/100ml",Gel de ducha hidratante con extracto de melocotón ecológico Carrefour Soft Bio 500 ml,Bio,"Añadir
",https://www.carrefour.es/supermercado/perfumeria-e-higiene/cat20004/c?offset=552,,,
1168,"
0,72 €","1,44 €/100ml",Desodorante roll-on sport antitranspirante 48h 0% alcohol Carrefour Men 50 ml.,"Añadir
",https://www.carrefour.es/supermercado/perfumeria-e-higiene/cat20004/c?offset=576,,,,
1169,"
5,29 €","0,88 €/100ml",Champú suave calmante con crema de arroz y leche de avena Original Remedies 600 ml.,"Añadir
",https://www.carrefour.es/supermercado/perfumeria-e-higiene/cat20004/c?offset=576,,,,
1170,"
1,85 €","3,70 €/100ml",Desodorante roll-on Cool Kick Nivea 50 ml.,"Añadir
",https://www.carrefour.es/supermercado/perfumeria-e-higiene/cat20004/c?offset=576,,,,
1171,"
2,70 €","1,35 €/100ml",Desodorante en spray 24h anti-manchas blancas con piedra de alumbre Natur Protect Sanex 200 ml.,Ver productos de la promoción,"Añadir
",https://www.carrefour.es/supermercado/perfumeria-e-higiene/cat20004/c?offset=576,,,
1172,"
1,52 €","0,51 €/100ml",Mascarilla capilar revitalizante cabello fragil Resist Plus,"Añadir
",https://www.carrefour.es/supermercado/perfumeria-e-higiene/cat20004/c?offset=576,,,,
1173,"
1,06 €","1,77 €/100ml",Quitaesmalte suave con glicerina Carrefour 60 ml.,"Añadir
",https://www.carrefour.es/supermercado/perfumeria-e-higiene/cat20004/c?offset=576,,,,
1174,"
4,05 €","5,40 €/100ml",Dentífrico para dientes sensibles blanqueante Sensibilidad & Encías Sensodyne 75 ml.,"Añadir
",https://www.carrefour.es/supermercado/perfumeria-e-higiene/cat20004/c?offset=576,,,,
1175,"
2,29 €","1,14 €/ud",Bálsamo labial hidratante Carrefour Soft 2 ud.,"Añadir
",https://www.carrefour.es/supermercado/perfumeria-e-higiene/cat20004/c?offset=576,,,,
1176,"
7,15 €","7,06 €","1,06 €/100ml
 | 
1,05 €/100ml",Acondicionador para cabello encrespado o apagado Suave & Liso Pantene Pro-V 675 ml.,Ver productos de la promoción,"Añadir
",https://www.carrefour.es/supermercado/perfumeria-e-higiene/cat20004/c?offset=600,,
1177,"
3,09 €","1,24 €/100ml",Desodorante en spray Invisible on Black and White Clothes Rexona 250 ml.,"Añadir
",https://www.carrefour.es/supermercado/perfumeria-e-higiene/cat20004/c?offset=600,,,,
1178,"
1,99 €","1,99 €/100g",Jabón de manos en pastilla suave no perfumado ecológico Carrefour 100 g.,Bio,"Añadir
",https://www.carrefour.es/supermercado/perfumeria-e-higiene/cat20004/c?offset=600,,,
1179,"
4,55 €","0,15 €/ud",Tampones superplus Tampax 30 ud.,"Añadir
",https://www.carrefour.es/supermercado/perfumeria-e-higiene/cat20004/c?offset=600,,,,
1180,"
4,69 €","1,56 €/100ml",Mascarilla capilar nutritiva para cabello muy dañado ultra reparadora 2 en 1 Ultimate Repair Gliss 300 ml.,"Añadir
",https://www.carrefour.es/supermercado/perfumeria-e-higiene/cat20004/c?offset=600,,,,
1181,"
2,09 €","1,39 €/100ml",Champú en seco todo tipo de cabellos Volumen Carrefour 150 ml.,"Añadir
",https://www.carrefour.es/supermercado/perfumeria-e-higiene/cat20004/c?offset=600,,,,
1182,"
3,49 €","1,40 €/100ml",Desodorante en spray Protege & Cuida Nivea Men 250 ml.,"Añadir
",https://www.carrefour.es/supermercado/perfumeria-e-higiene/cat20004/c?offset=600,,,,
1183,"
2,19 €","2,19 €/ud",Protegeslips Carefree cotton feel normal 40 ud.,"Añadir
",https://www.carrefour.es/supermercado/perfumeria-e-higiene/cat20004/c?offset=600,,,,
1184,"
6,90 €","1,72 €/100ml",Laca Fijadora normal L'Oréal Elnett 400 ml.,"Añadir
",https://www.carrefour.es/supermercado/perfumeria-e-higiene/cat20004/c?offset=624,,,,
1185,"
2,39 €","0,20 €/ud",Toallitas íntimas Chilly 12 ud.,"Añadir
",https://www.carrefour.es/supermercado/perfumeria-e-higiene/cat20004/c?offset=624,,,,
1186,"
9,95 €","1,11 €/100ml",Champú anticaspa Apple Fresh H&S 900 ml.,"Añadir
",https://www.carrefour.es/supermercado/perfumeria-e-higiene/cat20004/c?offset=624,,,,
1187,"
5,69 €","0,81 €/100ml",Champú Aqua Light para pelo graso Pantene 700 ml.,Ver productos de la promoción,"Añadir
",https://www.carrefour.es/supermercado/perfumeria-e-higiene/cat20004/c?offset=624,,,
1188,"
3,79 €","1,26 €/100ml",Mascarilla capilar hidratante protectora Delicatesse de Avena para cuero cabelludo sensible Original Remedies Garnier 300 ml.,"Añadir
",https://www.carrefour.es/supermercado/perfumeria-e-higiene/cat20004/c?offset=624,,,,
1189,"
1,99 €","1,99 €/ud",Esmalte de uñas 60 segundos 722 all nails on deck Rimmel London 1 ud.,Ver productos de la promoción,"Añadir
",https://www.carrefour.es/supermercado/perfumeria-e-higiene/cat20004/c?offset=624,,,
1190,"
5,25 €","1,50 €/100ml",Acondicionador Hair Food banana ultra-nutritivo para pelo seco Garnier-Fructis 350 ml.,Ver productos de la promoción,"Añadir
",https://www.carrefour.es/supermercado/perfumeria-e-higiene/cat20004/c?offset=624,,,
1191,"
5,29 €","1,76 €/100ml",Champú anticaspa prevención caída 7 en 1 Eficaz H&S 300 ml.,"Añadir
",https://www.carrefour.es/supermercado/perfumeria-e-higiene/cat20004/c?offset=624,,,,
1192,"
3,09 €","1,24 €/100ml",Desodorante en spray invisible Ice Fresh Rexona 250 ml. ,"Añadir
",https://www.carrefour.es/supermercado/perfumeria-e-higiene/cat20004/c?offset=648,,,,
1193,"
6,31 €","0,91 €/100ml",Champú fortificante Nutri Rizos Contouring para cabello rizado u ondulado Garnier-Fructis 690 ml.,"Añadir
",https://www.carrefour.es/supermercado/perfumeria-e-higiene/cat20004/c?offset=648,,,,
1194,"
5,29 €","4,99 €","1,39 €/100ml
 | 
1,31 €/100ml",Champú repara & suaviza extra aloe + hemp bío:renew Herbal Essences 380 ml.,Ver productos de la promoción,"Añadir
",https://www.carrefour.es/supermercado/perfumeria-e-higiene/cat20004/c?offset=648,,
1195,"
4,19 €","1,86 €/100ml",Champú con bambú y biotina Crecimiento Fuerte Miracles Pantene Pro-V 225 ml.,Ver productos de la promoción,"Añadir
",https://www.carrefour.es/supermercado/perfumeria-e-higiene/cat20004/c?offset=648,,,
1196,"
4,55 €","2,27 €/100ml",Gel de afeitado pieles sensibles con aloe Ultra Sensitive Fusion5 Gillette 200 ml.,Ver productos de la promoción,"Añadir
",https://www.carrefour.es/supermercado/perfumeria-e-higiene/cat20004/c?offset=648,,,
1197,"
3,92 €","3,92 €/ud",Tinte 3 castaño oscuro Intensive Color Cream Palette 1 ud.,"Añadir
",https://www.carrefour.es/supermercado/perfumeria-e-higiene/cat20004/c?offset=648,,,,
1198,"
3,45 €","0,86 €/100ml",Crema reparadora de urea avanzada hidratante para piel áspera o seca Instituto Español 400 ml,"Añadir
",https://www.carrefour.es/supermercado/perfumeria-e-higiene/cat20004/c?offset=648,,,,
1199,"
18,49 €","4,62 €/ud",Recambios maquinilla ProGlide Gillette 4 ud.,"Añadir
",https://www.carrefour.es/supermercado/perfumeria-e-higiene/cat20004/c?offset=648,,,,
1200,"
7,65 €","1,53 €/100ml",Colutorio diario para el cuidado de encías Parodontax 500 ml.,Ver productos de la promoción,"Añadir
",https://www.carrefour.es/supermercado/perfumeria-e-higiene/cat20004/c?offset=672,,,
1201,"
5,90 €","5,90 €/ud",Tinte 4.15 Chocolate Garnier Olia 1 ud.,"Añadir
",https://www.carrefour.es/supermercado/perfumeria-e-higiene/cat20004/c?offset=672,,,,
1202,"
4,45 €","2,22 €/100ml",Crema depilatoria piel sensible cuerpo & piernas minima Veet 200 ml.,"Añadir
",https://www.carrefour.es/supermercado/perfumeria-e-higiene/cat20004/c?offset=672,,,,
1203,"
5,19 €","1,30 €/100ml",Crema hidratante para cara y cuerpo Care Nivea 400 ml.,"Añadir
",https://www.carrefour.es/supermercado/perfumeria-e-higiene/cat20004/c?offset=672,,,,
1204,"
11,89 €","5,94 €/ud",Cepillo dental eléctrico Floss action EB25 recambio Oral-B 2 ud.,"Añadir
",https://www.carrefour.es/supermercado/perfumeria-e-higiene/cat20004/c?offset=672,,,,
1205,"
10,49 €","2,62 €/ud",Recambios maquinilla Venus Smooth Sensitive Gillette 4 ud.,"Añadir
",https://www.carrefour.es/supermercado/perfumeria-e-higiene/cat20004/c?offset=672,,,,
1206,"
4,49 €","1,15 €/100ml",Mascarilla intensiva 3 en 1 macadamia alisadora para cabello seco y rebelde Garnier Fructis Hair Food 390 ml.,Ver productos de la promoción,"Añadir
",https://www.carrefour.es/supermercado/perfumeria-e-higiene/cat20004/c?offset=672,,,
1207,"
5,60 €","1,12 €/100ml",Enjuague bucal Cuidado Total Listerine 500 ml.,"Añadir
",https://www.carrefour.es/supermercado/perfumeria-e-higiene/cat20004/c?offset=672,,,,
1208,"
2,09 €","0,42 €/100ml",Champú ultra nutritivo con aceite de oliva Les Cosmétiques -Nectar of Beauty 500 ml.,"Añadir
",https://www.carrefour.es/supermercado/perfumeria-e-higiene/cat20004/c?offset=696,,,,
1209,"
8,25 €","8,25 €/100ml",Aceite extraordinario de coco tratamiento uso universal para pelo normal a seco L'Oréal Elvive 100 ml.,"Añadir
",https://www.carrefour.es/supermercado/perfumeria-e-higiene/cat20004/c?offset=696,,,,
1210,"
5,45 €","1,09 €/100ml",Enjuague bucal blanqueador Avanced White Listerine 500 ml.,"Añadir
",https://www.carrefour.es/supermercado/perfumeria-e-higiene/cat20004/c?offset=696,,,,
1211,"
1,80 €","0,07 €/ud",Toallitas desmaquillantes suaves Nectar of Bio 25 ud.,Bio,"Añadir
",https://www.carrefour.es/supermercado/perfumeria-e-higiene/cat20004/c?offset=696,,,
1212,"
3,09 €","0,51 €/100ml",Gel de ducha dermo aceite para piel normal-seca BiomeProtect Sanex 600 ml.,"Añadir
",https://www.carrefour.es/supermercado/perfumeria-e-higiene/cat20004/c?offset=696,,,,
1213,"
4,30 €","0,21 €/ud",Bandas de cera depilatoria para pieles sensibles Veet 20 ud.,"Añadir
",https://www.carrefour.es/supermercado/perfumeria-e-higiene/cat20004/c?offset=696,,,,
1214,"
1,18 €","0,01 €/ud",DISCO DESMAQ.CUAD.FACE CRF 80U,"Añadir
",https://www.carrefour.es/supermercado/perfumeria-e-higiene/cat20004/c?offset=696,,,,
1215,"
3,50 €","4,67 €/100ml",Dentífrico para dientes sensibles Blanqueante Sensodyne 75 ml.,"Añadir
",https://www.carrefour.es/supermercado/perfumeria-e-higiene/cat20004/c?offset=696,,,,
1216,"
5,09 €","2,04 €/100ml",Mascarilla capilar hidratación leche de coco bío:renew Herbal Essences 250 ml.,Ver productos de la promoción,"Añadir
",https://www.carrefour.es/supermercado/perfumeria-e-higiene/cat20004/c?offset=720,,,
1217,"
0,86 €","1,15 €/100ml",Dentífrico sabor fresa desde 7 años Carrefour 75 ml.,"Añadir
",https://www.carrefour.es/supermercado/perfumeria-e-higiene/cat20004/c?offset=720,,,,
1218,"
9,95 €","1,46 €/100ml",Mascarilla fortificante multiusos Elvive Full Resist Power Mask L'Oréal Paris 680 ml.,"Añadir
",https://www.carrefour.es/supermercado/perfumeria-e-higiene/cat20004/c?offset=720,,,,
1219,"
3,85 €","0,77 €/100ml",Jabón de manos 100% natural de glicerina Original Lida 500 ml.,"Añadir
",https://www.carrefour.es/supermercado/perfumeria-e-higiene/cat20004/c?offset=720,,,,
1220,"
2,99 €","0,60 €/100ml",Enjuague bucal 0% alcohol ecológico Carrefour Soft Bio 500 ml.,Bio,"Añadir
",https://www.carrefour.es/supermercado/perfumeria-e-higiene/cat20004/c?offset=720,,,
1221,"
4,07 €","1,63 €/100ml",Desodorante en spary invisible dry anti-transpirante 48h. Dove 250 ml.,"Añadir
",https://www.carrefour.es/supermercado/perfumeria-e-higiene/cat20004/c?offset=720,,,,
1222,"
2,59 €","0,40 €/100ml",Agua de colonia glicerina y té blanco Heno de Pravia 780 ml.,"Añadir
",https://www.carrefour.es/supermercado/perfumeria-e-higiene/cat20004/c?offset=720,,,,
1223,"
3,58 €","1,33 €/100ml","Champú Repara y Protege reconstructor de queratina para pelo dañado, seco y apagado Pantene Pro-V 270 ml.",Ver productos de la promoción,"Añadir
",https://www.carrefour.es/supermercado/perfumeria-e-higiene/cat20004/c?offset=720,,,
1224,"
4,59 €","4,35 €","0,46 €/ud
 | 
0,43 €/ud",Desechable Blue II Plus Gillette 10 ud.,Ver productos de la promoción,"Añadir
",https://www.carrefour.es/supermercado/perfumeria-e-higiene/cat20004/c?offset=744,,
1225,"
6,89 €","0,57 €/ud",Preservativos dame placer Durex 12 ud.,"Añadir
",https://www.carrefour.es/supermercado/perfumeria-e-higiene/cat20004/c?offset=744,,,,
1226,"
4,19 €","4,19 €/ud",Cepillo de dientes encías revitalizante Colgate 1 ud.,Ver productos de la promoción,"Añadir
",https://www.carrefour.es/supermercado/perfumeria-e-higiene/cat20004/c?offset=744,,,
1227,"
1,24 €","0,62 €/100ml",Espuma rizos Science Les Cosmétiques 200 ml.,"Añadir
",https://www.carrefour.es/supermercado/perfumeria-e-higiene/cat20004/c?offset=744,,,,
1228,"
11,90 €","5,95 €/100ml",Agua de colonia Don Algodón 200 ml.,"Añadir
",https://www.carrefour.es/supermercado/perfumeria-e-higiene/cat20004/c?offset=744,,,,
1229,"
6,55 €","2,18 €/ud",Maquinillas desechables Venus Oceana Gillette 4 ud.,"Añadir
",https://www.carrefour.es/supermercado/perfumeria-e-higiene/cat20004/c?offset=744,,,,
1230,"
3,85 €","1,92 €/100ml",Quitaesmalte acetona pura Famos 200 ml.,"Añadir
",https://www.carrefour.es/supermercado/perfumeria-e-higiene/cat20004/c?offset=744,,,,
1231,"
1,99 €","1,99 €/ud",Esmalte de uñas 60 Seconds Super Shine nº 315 Queen of Tarts Rimmel London 1 ud.,Ver productos de la promoción,"Añadir
",https://www.carrefour.es/supermercado/perfumeria-e-higiene/cat20004/c?offset=744,,,
1232,"
3,09 €","0,26 €/ud",Preservativos Nature Happy Sex 12 ud.,"Añadir
",https://www.carrefour.es/supermercado/perfumeria-e-higiene/cat20004/c?offset=768,,,,
1233,"
5,69 €","0,81 €/100ml",Champú purificante para todo tipo de pelo Pantene Pro-V 700 ml.,Ver productos de la promoción,"Añadir
",https://www.carrefour.es/supermercado/perfumeria-e-higiene/cat20004/c?offset=768,,,
1234,"
2 €","4,44 €/100ml",Desodorante roll-on dermo invisible 24h antitranspirante Sanex Men 50 ml.,"Añadir
",https://www.carrefour.es/supermercado/perfumeria-e-higiene/cat20004/c?offset=768,,,,
1235,"
2,20 €","0,07 €/ud",Tampones super ecológicos Carrefour 32 ud.,"Añadir
",https://www.carrefour.es/supermercado/perfumeria-e-higiene/cat20004/c?offset=768,,,,
1236,"
6,09 €","0,43 €/ud",Maquinilla de afeitar desechable 3 hojas sensitive Bic 14 ud.,"Añadir
",https://www.carrefour.es/supermercado/perfumeria-e-higiene/cat20004/c?offset=768,,,,
1237,"
3,92 €","3,92 €/ud",Tinte 7.5 rubio dorado caramelo Intensive Color Cream Palette 1 ud.,"Añadir
",https://www.carrefour.es/supermercado/perfumeria-e-higiene/cat20004/c?offset=768,,,,
1238,"
1,80 €","0,72 €/100ml",Crema hidratante corporal con argán Carrefour Soft 250 ml.,"Añadir
",https://www.carrefour.es/supermercado/perfumeria-e-higiene/cat20004/c?offset=768,,,,
1239,"
7,09 €","4,73 €/100ml",Dentífrico blanqueador Fluocaril pack de 2 unidades de 75 ml.,"Añadir
",https://www.carrefour.es/supermercado/perfumeria-e-higiene/cat20004/c?offset=768,,,,
1240,"
2,25 €","0,30 €/100ml",Gel de ducha Pure Micelar Skin Care Natural Honey 750 ml.,"Añadir
",https://www.carrefour.es/supermercado/perfumeria-e-higiene/cat20004/c?offset=792,,,,
1241,"
6,65 €","5,32 €/100ml",Desmaquillante suave de ojos y labios L'Oréal Dermo Expertise 125 ml.,"Añadir
",https://www.carrefour.es/supermercado/perfumeria-e-higiene/cat20004/c?offset=792,,,,
1242,"
2,09 €","2,09 €/ud",Cepillo neumático grande Ponette 1 ud.,"Añadir
",https://www.carrefour.es/supermercado/perfumeria-e-higiene/cat20004/c?offset=792,,,,
1243,"
4,19 €","1,86 €/100ml",Champú violeta Fuerza & Anti-Tonos anaranjados con biotina + proteína de seda hidrolizada Miracles Pantene Pro-V 225 ml.,Ver productos de la promoción,"Añadir
",https://www.carrefour.es/supermercado/perfumeria-e-higiene/cat20004/c?offset=792,,,
1244,"
2,75 €","1,37 €/100ml",Gel fijador fuerte efecto mojadoWet Look Garnier Fructis 200 ml.,"Añadir
",https://www.carrefour.es/supermercado/perfumeria-e-higiene/cat20004/c?offset=792,,,,
1245,"
7,55 €","1,89 €/100ml",Desodorante en spray Marine Axe pack de 2 unidades de 200 ml.,"Añadir
",https://www.carrefour.es/supermercado/perfumeria-e-higiene/cat20004/c?offset=792,,,,
1246,"
5,49 €","5,19 €","10,98 €/100ml
 | 
10,38 €/100ml",Crema Hidratante Facial Té verde Garnier-Skin Naturals 50 ml.,Ver productos de la promoción,"Añadir
",https://www.carrefour.es/supermercado/perfumeria-e-higiene/cat20004/c?offset=792,,
1247,"
3,15 €","0,11 €/ud",Compresas adulto Absodys Carrefour 28 ud.,"Añadir
",https://www.carrefour.es/supermercado/perfumeria-e-higiene/cat20004/c?offset=792,,,,
1248,"
15,69 €","1,12 €/ud",Pants para incontinencia talla L plus Tena 14 ud.,"Añadir
",https://www.carrefour.es/supermercado/perfumeria-e-higiene/cat20004/c?offset=816,,,,
1249,"
1,06 €","1,06 €/ud",Gomas Ponette Natural 10 ud.,"Añadir
",https://www.carrefour.es/supermercado/perfumeria-e-higiene/cat20004/c?offset=816,,,,
1250,"
1,06 €","0,18 €/ud",Goma de pelo negra básica Ponette 6 ud.,"Añadir
",https://www.carrefour.es/supermercado/perfumeria-e-higiene/cat20004/c?offset=816,,,,
1251,"
6,59 €","1,01 €/100ml",Champú anticaspa Menthol Fresh H&S 650 ml.,"Añadir
",https://www.carrefour.es/supermercado/perfumeria-e-higiene/cat20004/c?offset=816,,,,
1252,"
34,50 €","34,50 €/ud","Maquinilla cara + cuerpo recorta, perfila y afeita OneBlade Philips + Recambios 1 ud. ","Añadir
",https://www.carrefour.es/supermercado/perfumeria-e-higiene/cat20004/c?offset=816,,,,
1253,"
3,39 €","11,30 €/100ml",Sérum facial firmeza con orquídea ecológico Nectar Of Bio Les Comestique 30 ml.,Bio,"Añadir
",https://www.carrefour.es/supermercado/perfumeria-e-higiene/cat20004/c?offset=816,,,
1254,"
2,59 €","1,29 €/100ml",Aceite en crema oliva mítica sin aclarado Garnier Original Remedies 200 ml.,"Añadir
",https://www.carrefour.es/supermercado/perfumeria-e-higiene/cat20004/c?offset=816,,,,
1255,"
1,35 €","0,07 €/ud",Tampones con aplicador normal Carrefour 20 ud.,"Añadir
",https://www.carrefour.es/supermercado/perfumeria-e-higiene/cat20004/c?offset=816,,,,
1256,"
2,85 €","0,14 €/ud",Compresas Cottonlike normal sin alas Evax 20 ud.,"Añadir
",https://www.carrefour.es/supermercado/perfumeria-e-higiene/cat20004/c?offset=840,,,,
1257,"
0,71 €","0,95 €/100ml",Dentífrico protect esmalte y anticaries Dentalyss 75 ml.,"Añadir
",https://www.carrefour.es/supermercado/perfumeria-e-higiene/cat20004/c?offset=840,,,,
1258,"
7,05 €","1,02 €/100ml",Champú reconstructor para cabello largo y dañado Dream Long L'Oréal Elvive 690 ml.,Ver productos de la promoción,"Añadir
",https://www.carrefour.es/supermercado/perfumeria-e-higiene/cat20004/c?offset=840,,,
1259,"
2,09 €","0,10 €/ud",Protegeslip absorción incontinencia leve Carrefour 24 ud.,"Añadir
",https://www.carrefour.es/supermercado/perfumeria-e-higiene/cat20004/c?offset=840,,,,
1260,"
11,90 €","5,95 €/100ml",Agua de colonia Hombre Don Algodón 200 ml.,"Añadir
",https://www.carrefour.es/supermercado/perfumeria-e-higiene/cat20004/c?offset=840,,,,
1261,"
2,59 €","1,73 €/100ml",Crema de afeitar para piel sensible La Toja 150 ml.,"Añadir
",https://www.carrefour.es/supermercado/perfumeria-e-higiene/cat20004/c?offset=840,,,,
1262,"
3,49 €","1,40 €/100ml",Desodorante en spray Black&White Invisible Active Nivea Men 250 ml.,"Añadir
",https://www.carrefour.es/supermercado/perfumeria-e-higiene/cat20004/c?offset=840,,,,
1263,"
5,55 €","0,74 €/100ml",Gel de ducha dermatológico piel atópica Pharmaline 750 ml.,"Añadir
",https://www.carrefour.es/supermercado/perfumeria-e-higiene/cat20004/c?offset=840,,,,
1264,"
4,75 €","2,37 €/100ml",Crema depilatoria para pieles sensibles men Veet 200 ml.,"Añadir
",https://www.carrefour.es/supermercado/perfumeria-e-higiene/cat20004/c?offset=864,,,,
1265,"
4,75 €","1,36 €/100ml",Champú alisadora macadamia Garnier 350 ml.,"Añadir
",https://www.carrefour.es/supermercado/perfumeria-e-higiene/cat20004/c?offset=864,,,,
1266,"
1,35 €","0,07 €/ud",Tampones con aplicador super Carrefour 20 ud.,"Añadir
",https://www.carrefour.es/supermercado/perfumeria-e-higiene/cat20004/c?offset=864,,,,
1267,"
0,80 €","1,60 €/100ml",Desodorante roll-on flor de tiaré y monoi Carrefour soft 50 ml.,"Añadir
",https://www.carrefour.es/supermercado/perfumeria-e-higiene/cat20004/c?offset=864,,,,
1268,"
1,70 €","0,42 €/100ml","Acondicionador Alisado Fluido cabello rebelde, con tendencia a encresparse Les Cosmétiques -Kera Science 400 ml.","Añadir
",https://www.carrefour.es/supermercado/perfumeria-e-higiene/cat20004/c?offset=864,,,,
1269,"
3,92 €","3,92 €/ud",Tinte 6 rubio oscuro Intensive Color Cream Palette 1 ud.,"Añadir
",https://www.carrefour.es/supermercado/perfumeria-e-higiene/cat20004/c?offset=864,,,,
1270,"
1,60 €","0,80 €/100ml",Crema corporal Aloe Vera pieles normales Carrefour 200 ml.,"Añadir
",https://www.carrefour.es/supermercado/perfumeria-e-higiene/cat20004/c?offset=864,,,,
1271,"
1,06 €","0,02 €/ud",Discos desmaquillantes con aloe vera Carrefour 70 ud.,"Añadir
",https://www.carrefour.es/supermercado/perfumeria-e-higiene/cat20004/c?offset=864,,,,
1272,"
1,55 €","1,24 €/100ml",Crema de talones agrietados Carrefour Soft 125 ml.,"Añadir
",https://www.carrefour.es/supermercado/perfumeria-e-higiene/cat20004/c?offset=888,,,,
1273,"
7,25 €","1,12 €/100ml",Champú 3 en 1 superalimento Pantene 675 ml.,Ver productos de la promoción,"Añadir
",https://www.carrefour.es/supermercado/perfumeria-e-higiene/cat20004/c?offset=888,,,
1274,"
3,40 €","3,30 €","8,50 €/100ml
 | 
8,25 €/100ml",Desodorante stick algodón Rexona 40 ml.,Ver productos de la promoción,"Añadir
",https://www.carrefour.es/supermercado/perfumeria-e-higiene/cat20004/c?offset=888,,
1275,"
2,15 €","2,05 €","4,30 €/100ml
 | 
4,10 €/100ml",Desodorante roll-on 6 en 1 Cool&Dry Adidas 50 ml.,Ver productos de la promoción,"Añadir
",https://www.carrefour.es/supermercado/perfumeria-e-higiene/cat20004/c?offset=888,,
1276,"
2,99 €",1 €/100ml,Laca para rizos definidos nivel de fijación 3 24h de duración Pantene Pro-V 300 ml.,Ver productos de la promoción,"Añadir
",https://www.carrefour.es/supermercado/perfumeria-e-higiene/cat20004/c?offset=888,,,
1277,"
5,79 €","5,79 €/ud",Tinte Créme Gloss nº 515 Castaño Chocolate L'Oréal Casting 1 ud.,"Añadir
",https://www.carrefour.es/supermercado/perfumeria-e-higiene/cat20004/c?offset=888,,,,
1278,"
10,19 €","0,85 €/ud",Preservativos sensitivo contacto total Durex 12 ud.,"Añadir
",https://www.carrefour.es/supermercado/perfumeria-e-higiene/cat20004/c?offset=888,,,,
1279,"
5,79 €","5,79 €/ud",T.CREME.GLOSS.CASTING.600,"Añadir
",https://www.carrefour.es/supermercado/perfumeria-e-higiene/cat20004/c?offset=888,,,,
1280,"
2,25 €","2,25 €/ud",Pinza de depilar punta recta Beter 1 ud.,"Añadir
",https://www.carrefour.es/supermercado/perfumeria-e-higiene/cat20004/c?offset=912,,,,
1281,"
5,55 €","0,93 €/ud",Maquinillas desechables Venus3 Gillette 6 ud.,"Añadir
",https://www.carrefour.es/supermercado/perfumeria-e-higiene/cat20004/c?offset=912,,,,
1282,"
6,50 €","6,50 €/ud",Tinte creme nº 6 Rubio Oscuro L'Oréal Excellence 1 ud.,"Añadir
",https://www.carrefour.es/supermercado/perfumeria-e-higiene/cat20004/c?offset=912,,,,
1283,"
2,16 €","0,12 €/ud",Tampones super con aplicador suave Carrefour 18 ud.,"Añadir
",https://www.carrefour.es/supermercado/perfumeria-e-higiene/cat20004/c?offset=912,,,,
1284,"
2,49 €","0,62 €/100ml",Laca fijadora para cabellos teñidos y tratados Sunsilk 400 ml.,"Añadir
",https://www.carrefour.es/supermercado/perfumeria-e-higiene/cat20004/c?offset=912,,,,
1285,"
4,99 €","9,98 €/100ml",Crema facial hidratante suavidad y brillo ecológico Nectar of Bio Les Cosmétiques 50 ml.,Bio,"Añadir
",https://www.carrefour.es/supermercado/perfumeria-e-higiene/cat20004/c?offset=912,,,
1286,"
1,06 €","1,41 €/100ml",Gel de ducha de coco addiction Natural Honey 75 ml.,"Añadir
",https://www.carrefour.es/supermercado/perfumeria-e-higiene/cat20004/c?offset=912,,,,
1287,"
3,49 €","1,40 €/100ml",Desodorante en spray Cool Kick Nivea Men 250 ml.,"Añadir
",https://www.carrefour.es/supermercado/perfumeria-e-higiene/cat20004/c?offset=912,,,,
1288,"
8,45 €","7,80 €","8,45 €/100ml
 | 
7,80 €/100ml",After Save Original Old Spice 100 ml.,Ver productos de la promoción,"Añadir
",https://www.carrefour.es/supermercado/perfumeria-e-higiene/cat20004/c?offset=936,,
1289,"
4,65 €","5,47 €/100ml",Cera de peinado men Llongueras Advance 85 ml.,"Añadir
",https://www.carrefour.es/supermercado/perfumeria-e-higiene/cat20004/c?offset=936,,,,
1290,"
1,06 €","1,06 €/ud",Cepillo neumático pequeño Ponette 1 ud.,"Añadir
",https://www.carrefour.es/supermercado/perfumeria-e-higiene/cat20004/c?offset=936,,,,
1291,"
7,59 €","3,04 €/100ml",Champú para barba + cabello + rostro BarberClub L'Oréal-Men Expert 200 ml.,"Añadir
",https://www.carrefour.es/supermercado/perfumeria-e-higiene/cat20004/c?offset=936,,,,
1292,"
5,09 €","1,70 €/100ml",Champú anticaspa limpieza profunda detox H&S 300 ml.,"Añadir
",https://www.carrefour.es/supermercado/perfumeria-e-higiene/cat20004/c?offset=936,,,,
1293,"
4,19 €","2,09 €/100ml",Acondicionador biotina y bambú Crecimiento con Fuerza Pantene Pro-V Miracles 200 ml.,Ver productos de la promoción,"Añadir
",https://www.carrefour.es/supermercado/perfumeria-e-higiene/cat20004/c?offset=936,,,
1294,"
6,59 €","1,01 €/100ml",Champú anticaspa Nutre & Cuida H&S 650 ml.,"Añadir
",https://www.carrefour.es/supermercado/perfumeria-e-higiene/cat20004/c?offset=936,,,,
1295,"
9,70 €","6,47 €/100ml",Agua de colonia nº 16 Amaderada oriental para hombre Caravan 150 ml.,"Añadir
",https://www.carrefour.es/supermercado/perfumeria-e-higiene/cat20004/c?offset=936,,,,
1296,"
5,79 €","5,79 €/ud",T.CREME.GLOSS.CASTING.500,"Añadir
",https://www.carrefour.es/supermercado/perfumeria-e-higiene/cat20004/c?offset=960,,,,
1297,"
5,79 €","5,79 €/ud",TIN.CASTA?O CASTING C.GLOS400,"Añadir
",https://www.carrefour.es/supermercado/perfumeria-e-higiene/cat20004/c?offset=960,,,,
1298,"
6,50 €","6,50 €/ud",Tinte creme nº 4 Castaño L'Oréal Excellence 1 ud.,"Añadir
",https://www.carrefour.es/supermercado/perfumeria-e-higiene/cat20004/c?offset=960,,,,
1299,"
6,89 €","13,78 €/100ml",Crema facial de noche hidratante antiarrugas con aceite de semilla de uva y pantenol Nivea 50 ml.,"Añadir
",https://www.carrefour.es/supermercado/perfumeria-e-higiene/cat20004/c?offset=960,,,,
1300,"
27,70 €","55,40 €/100ml",Crema facial de noche fórmula con vitamina B3 y niacinamida 24H de hidratación Regenerist Olay 50 ml.,Ver productos de la promoción,"Añadir
",https://www.carrefour.es/supermercado/perfumeria-e-higiene/cat20004/c?offset=960,,,
1301,"
4,55 €","1,14 €/ud",Maquinilla de afeitar desechable Flex 3 Classic Bic 6 ud.,"Añadir
",https://www.carrefour.es/supermercado/perfumeria-e-higiene/cat20004/c?offset=960,,,,
1302,"
3,09 €","1,24 €/100ml",Desodorante en spray invisible Rexona 250 ml. ,"Añadir
",https://www.carrefour.es/supermercado/perfumeria-e-higiene/cat20004/c?offset=960,,,,
1303,"
9,35 €","9,35 €/ud",Estuche de belleza con peluche unicornio Martinelia Shimmer Paws Teddy 1 ud.,"Añadir
",https://www.carrefour.es/supermercado/perfumeria-e-higiene/cat20004/c?offset=960,,,,
1304,"
1,84 €","1,84 €/100ml",Espuma rizo marcado Giorgi 100 ml.,Ver productos de la promoción,"Añadir
",https://www.carrefour.es/supermercado/perfumeria-e-higiene/cat20004/c?offset=984,,,
1305,"
3,92 €","3,92 €/ud",Tinte 6.1 rubio oscuro ceniza Intensive Color Cream Palette 1 ud.,"Añadir
",https://www.carrefour.es/supermercado/perfumeria-e-higiene/cat20004/c?offset=984,,,,
1306,"
1,99 €","1,99 €/ud",Esmalte de uñas 60 Seconds Super Shine nº 335 Gimme some of that Rimmel London 1 ud.,Ver productos de la promoción,"Añadir
",https://www.carrefour.es/supermercado/perfumeria-e-higiene/cat20004/c?offset=984,,,
1307,"
2,09 €","2,09 €/ud",LIPOSAN PROTECTOR ROSA,"Añadir
",https://www.carrefour.es/supermercado/perfumeria-e-higiene/cat20004/c?offset=984,,,,
1308,"
5,59 €","1,40 €/100ml",Agua micelar flor de aciando ecológica 400 ml.,Bio,Ver productos de la promoción,"Añadir
",https://www.carrefour.es/supermercado/perfumeria-e-higiene/cat20004/c?offset=984,,
1309,"
5,29 €","0,76 €/100ml",Loción corporal hidratante aroma coco Natural Honey 700 ml.,"Añadir
",https://www.carrefour.es/supermercado/perfumeria-e-higiene/cat20004/c?offset=984,,,,
1310,"
21,40 €","5,35 €/ud",Recambios maquinilla ProGlide Power Gillette 4 ud.,"Añadir
",https://www.carrefour.es/supermercado/perfumeria-e-higiene/cat20004/c?offset=984,,,,
1311,"
4,75 €","2,37 €/100ml",LECHE HIDRA.RIZO FRUCTIS.200ML,"Añadir
",https://www.carrefour.es/supermercado/perfumeria-e-higiene/cat20004/c?offset=984,,,,
1312,"
2,79 €","2,79 €/ud",Papel de cocina resistente Jumbo Roll Carrefour 1 rollo.,"Añadir
",https://www.carrefour.es/supermercado/limpieza-y-hogar/cat20005/c?offset=24,,,,
1313,"
1,20 €","0,06 €/ud",Papel de horno en hojas Carrefour 20 ud.,"Añadir
",https://www.carrefour.es/supermercado/limpieza-y-hogar/cat20005/c?offset=24,,,,
1314,"
1,77 €","0,02 €/lavado",Suavizante concentrado azul Carrefour 80 lavados.,"Añadir
",https://www.carrefour.es/supermercado/limpieza-y-hogar/cat20005/c?offset=24,,,,
1315,"
0,65 €","0,22 €/ud",3 Estropajos salvauñas Carrefour - Verde,"Añadir
",https://www.carrefour.es/supermercado/limpieza-y-hogar/cat20005/c?offset=24,,,,
1316,"
1,21 €","0,01 €/ud",Tissues classic 3 capas Carrefour 110 ud.,"Añadir
",https://www.carrefour.es/supermercado/limpieza-y-hogar/cat20005/c?offset=24,,,,
1317,"
2,89 €","3,85 €/l",Limpiador desinfectante multiusos sin lejía Sanytol 750 ml.,"Añadir
",https://www.carrefour.es/supermercado/limpieza-y-hogar/cat20005/c?offset=24,,,,
1318,"
11,89 €","11,69 €","0,25 €/lavado
 | 
0,24 €/lavado",Detergente en cápsulas original Todo en Uno Pods Ariel 48 lavados.,Ver productos de la promoción,"Añadir
",https://www.carrefour.es/supermercado/limpieza-y-hogar/cat20005/c?offset=24,,
1319,"
3,79 €","3,55 €","0,05 €/lavado
 | 
0,05 €/lavado",Suavizante concentrado azul vital Mimosin 78 lavados.,Ver productos de la promoción,"Añadir
",https://www.carrefour.es/supermercado/limpieza-y-hogar/cat20005/c?offset=24,,
1320,"
3,92 €","2,61 €/l","Lavavajillas a mano concentrado Fairy 1,5 l.","Añadir
",https://www.carrefour.es/supermercado/limpieza-y-hogar/cat20005/c?offset=48,,,,
1321,"
0,95 €","0,02 €/m",Film transparente con sierra de corte Carrefour 60 metros.,"Añadir
",https://www.carrefour.es/supermercado/limpieza-y-hogar/cat20005/c?offset=48,,,,
1322,"
1,99 €","0,66 €/ud",Papel de cocina Adapt Colhogar 3 rollos.,"Añadir
",https://www.carrefour.es/supermercado/limpieza-y-hogar/cat20005/c?offset=48,,,,
1323,"
2,59 €","2,36 €","1,73 €/l
 | 
1,57 €/l","Limpiahogar ph neutro para madera y mármol Don Limpio 1,5 l.",Ver productos de la promoción,"Añadir
",https://www.carrefour.es/supermercado/limpieza-y-hogar/cat20005/c?offset=48,,
1324,"
0,99 €","0,99 €/l",Gel WC azul desincrustante Carrefour 1 l.,"Añadir
",https://www.carrefour.es/supermercado/limpieza-y-hogar/cat20005/c?offset=48,,,,
1325,"
0,99 €","0,99 €/l",Gel wc eucalipto Carrefour 1 l.,"Añadir
",https://www.carrefour.es/supermercado/limpieza-y-hogar/cat20005/c?offset=48,,,,
1326,"
1,65 €","0,11 €/ud",Bolsas Basura de Material Reciclado CARREFOUR 50 l. 15 ud - Blanco,"Añadir
",https://www.carrefour.es/supermercado/limpieza-y-hogar/cat20005/c?offset=48,,,,
1327,"
1,13 €","0,02 €/m",Film transparente Carrefour 100 metros.,"Añadir
",https://www.carrefour.es/supermercado/limpieza-y-hogar/cat20005/c?offset=48,,,,
1328,"
2,79 €","4,29 €/l",Lavavajillas a mano aroma aloe vera y pepino Fairy 650 ml.,"Añadir
",https://www.carrefour.es/supermercado/limpieza-y-hogar/cat20005/c?offset=72,,,,
1329,"
1,80 €","0,36 €/l",Lejía perfumada con detergente Frescor Marino Carrefour 5 l.,"Añadir
",https://www.carrefour.es/supermercado/limpieza-y-hogar/cat20005/c?offset=72,,,,
1330,"
1,49 €","0,05 €/ud",Bolsas de Basura CARREFOUR de 30l 30 ud- Amarillo,"Añadir
",https://www.carrefour.es/supermercado/limpieza-y-hogar/cat20005/c?offset=72,,,,
1331,"
0,95 €","0,63 €/l","Fregasuelos aromático flor de cerezo Essential Carrefour 1,5 l.","Añadir
",https://www.carrefour.es/supermercado/limpieza-y-hogar/cat20005/c?offset=72,,,,
1332,"
1,77 €","0,02 €/lavado",Suavizante concentrado talco Carrefour 80 lavados.,"Añadir
",https://www.carrefour.es/supermercado/limpieza-y-hogar/cat20005/c?offset=72,,,,
1333,"
1,31 €","0,11 €/ud",Papel higiénico 2 capas Simpl Choice 12 rollos ,"Añadir
",https://www.carrefour.es/supermercado/limpieza-y-hogar/cat20005/c?offset=72,,,,
1334,"
2,67 €","0,07 €/lavado",Detergente líquido Colonia Fresca Carrefour 40 lavados.,"Añadir
",https://www.carrefour.es/supermercado/limpieza-y-hogar/cat20005/c?offset=72,,,,
1335,"
1,50 €","1,11 €/l","Fregasuelos con lejia y detergente limón Estrella 1,35 l.","Añadir
",https://www.carrefour.es/supermercado/limpieza-y-hogar/cat20005/c?offset=72,,,,
1336,"
2,59 €","0,08 €/lavado",Gel para lavavajillas todo en uno Carrefour 32 lavados,"Añadir
",https://www.carrefour.es/supermercado/limpieza-y-hogar/cat20005/c?offset=96,,,,
1337,"
1,49 €","0,10 €/m",Papel de horno en rollo Carrefour 15 metros.,"Añadir
",https://www.carrefour.es/supermercado/limpieza-y-hogar/cat20005/c?offset=96,,,,
1338,"
13,66 €","0,19 €/ud",Lavavajillas máquina Quantum Max Finish 72 ud.,Ver productos de la promoción,"Añadir
",https://www.carrefour.es/supermercado/limpieza-y-hogar/cat20005/c?offset=96,,,
1339,"
1,61 €","0,32 €/kg",Sal para lavavajillas Carrefour 5 kg.,"Añadir
",https://www.carrefour.es/supermercado/limpieza-y-hogar/cat20005/c?offset=96,,,,
1340,"
6,29 €","12,58 €/l",Limpiamáquinas Finish pack de 2 unidades de 250 ml.,"Añadir
",https://www.carrefour.es/supermercado/limpieza-y-hogar/cat20005/c?offset=96,,,,
1341,"
2,89 €","3,85 €/l",Limpiador desinfectante baños poder antical sin lejía Sanytol 750 ml.,"Añadir
",https://www.carrefour.es/supermercado/limpieza-y-hogar/cat20005/c?offset=96,,,,
1342,"
4,49 €","0,18 €/ud",25 Bolsas de basura Maxi Rollo Antibacterias Handy Bag 30 Litros-Azul,"Añadir
",https://www.carrefour.es/supermercado/limpieza-y-hogar/cat20005/c?offset=96,,,,
1343,"
2,69 €","0,08 €/ud",Lavavajillas máquina aroma limón Todo en 1 en pastillas Carrefour 32 ud.,"Añadir
",https://www.carrefour.es/supermercado/limpieza-y-hogar/cat20005/c?offset=96,,,,
1344,"
2,65 €","2,65 €/kg",Colgador WC blue activ floral Bref 2 ud.,Ver productos de la promoción,"Añadir
",https://www.carrefour.es/supermercado/limpieza-y-hogar/cat20005/c?offset=120,,,
1345,"
0,75 €","0,37 €/l",Agua de plancha desmineralizada Carrefour 2 l.,"Añadir
",https://www.carrefour.es/supermercado/limpieza-y-hogar/cat20005/c?offset=120,,,,
1346,"
6,85 €","6,49 €","0,04 €/lavado
 | 
0,04 €/lavado",Suavizante concentrado azul vital Mimosín 190 lavados.,Ver productos de la promoción,"Añadir
",https://www.carrefour.es/supermercado/limpieza-y-hogar/cat20005/c?offset=120,,
1347,"
2,59 €","1,29 €/ud",Papel de cocina mega 3 Foxy 2 rollos.,"Añadir
",https://www.carrefour.es/supermercado/limpieza-y-hogar/cat20005/c?offset=120,,,,
1348,"
3,95 €","5,27 €/l",Quitamanchas en spray sin manchas KH-7 750 ml.,"Añadir
",https://www.carrefour.es/supermercado/limpieza-y-hogar/cat20005/c?offset=120,,,,
1349,"
3,75 €","3,69 €","1,39 €/l
 | 
1,37 €/l","Limpiahogar ph neutro Don Limpio 2,7 l.",Ver productos de la promoción,"Añadir
",https://www.carrefour.es/supermercado/limpieza-y-hogar/cat20005/c?offset=120,,
1350,"
1,16 €","1,55 €/l",Lavavajillas a mano pieles sensibles aloe vera y jojoba Carrefour Essential 750 ml.,"Añadir
",https://www.carrefour.es/supermercado/limpieza-y-hogar/cat20005/c?offset=120,,,,
1351,"
3,45 €","4,60 €/l",Quitamanchas prelavado líquido KH-7 750 ml.,"Añadir
",https://www.carrefour.es/supermercado/limpieza-y-hogar/cat20005/c?offset=120,,,,
1352,"
1,75 €","1,75 €/l",Gel desatascador tuberias Expert Carrefour 1 l.,"Añadir
",https://www.carrefour.es/supermercado/limpieza-y-hogar/cat20005/c?offset=144,,,,
1353,"
0,57 €","0,28 €/ud",2 Estropajos con esponjaCarrefour - Azul,"Añadir
",https://www.carrefour.es/supermercado/limpieza-y-hogar/cat20005/c?offset=144,,,,
1354,"
1,70 €","6,80 €/l",Limpiador para lavavajillas 2en1 desengrasante Carrefour 250 ml.,"Añadir
",https://www.carrefour.es/supermercado/limpieza-y-hogar/cat20005/c?offset=144,,,,
1355,"
4,69 €","6,25 €/l",Limpiador de suciedad y manchas de humedad Cillit Bang 750 ml.,Ver productos de la promoción,"Añadir
",https://www.carrefour.es/supermercado/limpieza-y-hogar/cat20005/c?offset=144,,,
1356,"
1,30 €","0,14 €/ud",9 Bayetas Multiusos- Colores surtidos,"Añadir
",https://www.carrefour.es/supermercado/limpieza-y-hogar/cat20005/c?offset=144,,,,
1357,"
2,89 €","3,85 €/l",Limpiador desinfectante cocina limón sin lejía Sanytol 750 ml.,"Añadir
",https://www.carrefour.es/supermercado/limpieza-y-hogar/cat20005/c?offset=144,,,,
1358,"
3,99 €","0,06 €/lavado",Suavizante concentrado Nenuco Flor 72 lavados.,Ver productos de la promoción,"Añadir
",https://www.carrefour.es/supermercado/limpieza-y-hogar/cat20005/c?offset=144,,,
1359,"
2,15 €","2,87 €/l",Limpiacristales en pistola cristalino Cristasol 750 ml,"Añadir
",https://www.carrefour.es/supermercado/limpieza-y-hogar/cat20005/c?offset=144,,,,
1360,"
2,15 €","4,30 €/l",Limpiador desinfectante multiusos frescor Lysol 500 ml.,Ver productos de la promoción,"Añadir
",https://www.carrefour.es/supermercado/limpieza-y-hogar/cat20005/c?offset=168,,,
1361,"
1,80 €","1,80 €/ud",Fregona Trenzada CARREFOUR - Bicolor,"Añadir
",https://www.carrefour.es/supermercado/limpieza-y-hogar/cat20005/c?offset=168,,,,
1362,"
1,77 €","0,02 €/lavado",Suavizante concentrado colonia Carrefour 80 lavados.,"Añadir
",https://www.carrefour.es/supermercado/limpieza-y-hogar/cat20005/c?offset=168,,,,
1363,"
2,19 €","1,09 €/ud",Papel de cocina ultra fuerte Scottex 2 rollos.,"Añadir
",https://www.carrefour.es/supermercado/limpieza-y-hogar/cat20005/c?offset=168,,,,
1364,"
1,30 €","16,25 €/kg",Colgador WC con lejía aroma limón verde Carrefour 2 ud.,"Añadir
",https://www.carrefour.es/supermercado/limpieza-y-hogar/cat20005/c?offset=168,,,,
1365,"
3,95 €","4,94 €/l",Lavavajillas a mano Ultra Poder Fairy 800 ml.,"Añadir
",https://www.carrefour.es/supermercado/limpieza-y-hogar/cat20005/c?offset=168,,,,
1366,"
3,79 €","0,05 €/lavado",Suavizante concentrado caricias Mimosin 78 lavados.,Ver productos de la promoción,"Añadir
",https://www.carrefour.es/supermercado/limpieza-y-hogar/cat20005/c?offset=168,,,
1367,"
4,59 €","0,51 €/ud",Papel higiénico acolchado Scottex 9 rollos.,"Añadir
",https://www.carrefour.es/supermercado/limpieza-y-hogar/cat20005/c?offset=168,,,,
1368,"
4,09 €","5,45 €/l",Quitamanchas spray Oxy Effect KH-7 750 ml.,"Añadir
",https://www.carrefour.es/supermercado/limpieza-y-hogar/cat20005/c?offset=192,,,,
1369,"
2,99 €","0,06 €/ud",Lavavajillas máquina aroma limón en pastillas Carrefour 50 ud.,"Añadir
",https://www.carrefour.es/supermercado/limpieza-y-hogar/cat20005/c?offset=192,,,,
1370,"
1,95 €","0,39 €/l",Lejía Densa Hogar Carrefour 5 l.,"Añadir
",https://www.carrefour.es/supermercado/limpieza-y-hogar/cat20005/c?offset=192,,,,
1371,"
5,79 €","0,19 €/ud",Lavavajillas máquina Todo en 1 en pastillas ecológico Frosch 30 ud.,Bio,"Añadir
",https://www.carrefour.es/supermercado/limpieza-y-hogar/cat20005/c?offset=192,,,
1372,"
1,99 €","0,13 €/ud",10 Bolsas de basura Baño Perfumadas Handy Bag 10 Litros - Blancas,"Añadir
",https://www.carrefour.es/supermercado/limpieza-y-hogar/cat20005/c?offset=192,,,,
1373,"
3,79 €","0,05 €/lavado",Suavizante concentrado moussel Mimosin 78 lavados.,Ver productos de la promoción,"Añadir
",https://www.carrefour.es/supermercado/limpieza-y-hogar/cat20005/c?offset=192,,,
1374,"
1,85 €","7,40 €/l",Limpia lavadoras Carrefour 250 ml.,"Añadir
",https://www.carrefour.es/supermercado/limpieza-y-hogar/cat20005/c?offset=192,,,,
1375,"
3,31 €","0,08 €/lavado",Detergente liquido aloe vera y flores de almendra dulce Carrefour 40 lavados.,"Añadir
",https://www.carrefour.es/supermercado/limpieza-y-hogar/cat20005/c?offset=192,,,,
1376,"
2,29 €","3,05 €/l",Limpiador de baño con lejía aroma limón en gel WC Net 750 ml.,"Añadir
",https://www.carrefour.es/supermercado/limpieza-y-hogar/cat20005/c?offset=216,,,,
1377,"
1,93 €","0,64 €/l",Lavavajillas a mano frescor de limón 3 l.,"Añadir
",https://www.carrefour.es/supermercado/limpieza-y-hogar/cat20005/c?offset=216,,,,
1378,"
8,89 €","8,65 €","0,18 €/lavado
 | 
0,17 €/lavado",Detergente líquido Total 3+1 Dixan 50 lavados.,Ver productos de la promoción,"Añadir
",https://www.carrefour.es/supermercado/limpieza-y-hogar/cat20005/c?offset=216,,
1379,"
14,76 €","0,15 €/lavado",Gel para lavavajillas Oro frescor anti-olor con vinagre Somat pack de 2 unidades de 50 lavados.,"Añadir
",https://www.carrefour.es/supermercado/limpieza-y-hogar/cat20005/c?offset=216,,,,
1380,"
4,45 €","8,90 €/l",Abrillantador de lavavajillas Finish 500 ml.,"Añadir
",https://www.carrefour.es/supermercado/limpieza-y-hogar/cat20005/c?offset=216,,,,
1381,"
1,29 €","0,86 €/l","Limpiador cocina y baño power con lejía Carrefour 1,5 l. ","Añadir
",https://www.carrefour.es/supermercado/limpieza-y-hogar/cat20005/c?offset=216,,,,
1382,"
4,05 €","3,83 €","1,50 €/l
 | 
1,42 €/l","Limpiador de baño Don Limpio 2,7 l.",Ver productos de la promoción,"Añadir
",https://www.carrefour.es/supermercado/limpieza-y-hogar/cat20005/c?offset=216,,
1383,"
12,35 €","0,25 €/lavado",Detergente líquido azul Wipp Express 50 lavados.,"Añadir
",https://www.carrefour.es/supermercado/limpieza-y-hogar/cat20005/c?offset=216,,,,
1384,"
1,75 €","0,02 €/lavado",Suavizante concentrado azul Sublim 80 lavados.,"Añadir
",https://www.carrefour.es/supermercado/limpieza-y-hogar/cat20005/c?offset=240,,,,
1385,"
2,15 €","4,30 €/l",Limpiador de baño desinfectante frescor marino Lysol 500 ml.,Ver productos de la promoción,"Añadir
",https://www.carrefour.es/supermercado/limpieza-y-hogar/cat20005/c?offset=240,,,
1386,"
2,58 €","1,98 €/l","Fregasuelos aroma aloe vera con bialcohol Tenn 1,3 l.","Añadir
",https://www.carrefour.es/supermercado/limpieza-y-hogar/cat20005/c?offset=240,,,,
1387,"
1,20 €","0,30 €/ud",Colgador WC aroma marino Carrefour 4 ud.,"Añadir
",https://www.carrefour.es/supermercado/limpieza-y-hogar/cat20005/c?offset=240,,,,
1388,"
1,30 €","0,06 €/ud",Gamuza atrapa polvo Carrefour 20 ud.,"Añadir
",https://www.carrefour.es/supermercado/limpieza-y-hogar/cat20005/c?offset=240,,,,
1389,"
0,94 €","3,13 €/l",Ambientador aerosol de colonia Carrefour Essential 300 ml.,"Añadir
",https://www.carrefour.es/supermercado/limpieza-y-hogar/cat20005/c?offset=240,,,,
1390,"
3,69 €","2,46 €/l",Limpiador de baño frescor en gel Pato pack de 2 unidades de 750 ml.,"Añadir
",https://www.carrefour.es/supermercado/limpieza-y-hogar/cat20005/c?offset=240,,,,
1391,"
0,89 €","0,68 €/l","Lavavajillas a mano frescor de limón Producto Blanco 1,3 l.","Añadir
",https://www.carrefour.es/supermercado/limpieza-y-hogar/cat20005/c?offset=240,,,,
1392,"
0,99 €","0,99 €/ud","Palo de Acero CARREFOUR 2,2x2,2x130 cm","Añadir
",https://www.carrefour.es/supermercado/limpieza-y-hogar/cat20005/c?offset=264,,,,
1393,"
2,09 €","0,26 €/m",Papel de horno Albal 8 metros.,"Añadir
",https://www.carrefour.es/supermercado/limpieza-y-hogar/cat20005/c?offset=264,,,,
1394,"
2,05 €","2,16 €/l",Fregasuelos concentrado mio Avevi 950 ml.,"Añadir
",https://www.carrefour.es/supermercado/limpieza-y-hogar/cat20005/c?offset=264,,,,
1395,"
1,45 €","13,18 €/kg",Ambientador perlas perlas perfumadas ropa limpia Essential Carrefour 1 ud.,"Añadir
",https://www.carrefour.es/supermercado/limpieza-y-hogar/cat20005/c?offset=264,,,,
1396,"
1,79 €","0,02 €/ud",Set de Servilletas2 capas de Celulosa RENOVA Cocktail 90pz - Blancas,"Añadir
",https://www.carrefour.es/supermercado/limpieza-y-hogar/cat20005/c?offset=264,,,,
1397,"
1,42 €","1,42 €/l",Fregasuelos ph neutro Xanpa 1 l.,"Añadir
",https://www.carrefour.es/supermercado/limpieza-y-hogar/cat20005/c?offset=264,,,,
1398,"
1,40 €","0,70 €/l",Suavizante concentrado talco Carrefour 80 lavados.,"Añadir
",https://www.carrefour.es/supermercado/limpieza-y-hogar/cat20005/c?offset=264,,,,
1399,"
8,49 €","9,43 €/kg",Quitamanchas en polvo ropa blanca sin lejía Vanish Oxi-Action 900 g.,Ver productos de la promoción,"Añadir
",https://www.carrefour.es/supermercado/limpieza-y-hogar/cat20005/c?offset=264,,,
1400,"
4,79 €","0,19 €/ud",Toallitas captura colores Iberia Protect 25 ud.,"Añadir
",https://www.carrefour.es/supermercado/limpieza-y-hogar/cat20005/c?offset=288,,,,
1401,"
4,85 €","4,85 €/l",Desatascador con lejía en gel WC Net 1 l.,"Añadir
",https://www.carrefour.es/supermercado/limpieza-y-hogar/cat20005/c?offset=288,,,,
1402,"
2,29 €","3,05 €/l",Limpiador multiusos Glassex 750 ml.,Ver productos de la promoción,"Añadir
",https://www.carrefour.es/supermercado/limpieza-y-hogar/cat20005/c?offset=288,,,
1403,"
13,99 €","13,49 €","0,25 €/lavado
 | 
0,25 €/lavado",Lavavajillas máquina original Todo en 1 en cápsulas Fairy 55 ud.,Ver productos de la promoción,"Añadir
",https://www.carrefour.es/supermercado/limpieza-y-hogar/cat20005/c?offset=288,,
1404,"
1,19 €","3,97 €/l",Limpiamuebles ceras Carrefour 300 ml.,"Añadir
",https://www.carrefour.es/supermercado/limpieza-y-hogar/cat20005/c?offset=288,,,,
1405,"
2,58 €","1,98 €/l","Limpiador de baño Tenn 1,3 l.","Añadir
",https://www.carrefour.es/supermercado/limpieza-y-hogar/cat20005/c?offset=288,,,,
1406,"
1,60 €","3,20 €/l",Gel desatascador turbo tuberias Carrefour 500 ml.,"Añadir
",https://www.carrefour.es/supermercado/limpieza-y-hogar/cat20005/c?offset=288,,,,
1407,"
20,10 €","0,24 €/lavado",Lavavajillas máquina original Todo en 1 en cápsulas Fairy 84 ud.,Ver productos de la promoción,"Añadir
",https://www.carrefour.es/supermercado/limpieza-y-hogar/cat20005/c?offset=288,,,
1408,"
1,99 €","0,99 €/ud",Papel de cocina compacto ecológico Carrefour Eco Planet 2 rollos.,Bio,"Añadir
",https://www.carrefour.es/supermercado/limpieza-y-hogar/cat20005/c?offset=312,,,
1409,"
2,75 €","1,37 €/ud",Papel de cocina rollo gigante Renova 2 rollos.,"Añadir
",https://www.carrefour.es/supermercado/limpieza-y-hogar/cat20005/c?offset=312,,,,
1410,"
2,99 €","2,39 €/l","Fregasuelos para madera efecto reparador Tenn Brillante 1,25 l.","Añadir
",https://www.carrefour.es/supermercado/limpieza-y-hogar/cat20005/c?offset=312,,,,
1411,"
6,39 €","0,16 €/lavado",Detergente líquido para pieles sensibles Norit 40 lavados.,"Añadir
",https://www.carrefour.es/supermercado/limpieza-y-hogar/cat20005/c?offset=312,,,,
1412,"
2,69 €","2,69 €/ud",Discos wc activos inodoros lima aparato + recambio Pato 1 ud.,Ver productos de la promoción,"Añadir
",https://www.carrefour.es/supermercado/limpieza-y-hogar/cat20005/c?offset=312,,,
1413,"
2,99 €","1,49 €/ud",Set 2 Bayetas Multiusos de Fibra VILEDA Suave Ultra Fresh ,"Añadir
",https://www.carrefour.es/supermercado/limpieza-y-hogar/cat20005/c?offset=312,,,,
1414,"
4,55 €","6,07 €/l",Limpiador higiene con lejia Cillit Bang 750 ml.,Ver productos de la promoción,"Añadir
",https://www.carrefour.es/supermercado/limpieza-y-hogar/cat20005/c?offset=312,,,
1415,"
14,89 €","0,15 €/lavado",Detergente en polvo Total 3+1 Dixan 100 lavados.,"Añadir
",https://www.carrefour.es/supermercado/limpieza-y-hogar/cat20005/c?offset=312,,,,
1416,"
1,76 €","7,04 €/l",Ambientador automático flor de cerezo recambio Carrefour Essential 1 ud.,"Añadir
",https://www.carrefour.es/supermercado/limpieza-y-hogar/cat20005/c?offset=336,,,,
1417,"
2,49 €","2,49 €/ud",Escoba Multiuso Carrefour - Gris,"Añadir
",https://www.carrefour.es/supermercado/limpieza-y-hogar/cat20005/c?offset=336,,,,
1418,"
8,99 €","8,99 €/ud","Pilas Alcalinas AA Duracell Plus, paquete de 10","Añadir
",https://www.carrefour.es/supermercado/limpieza-y-hogar/cat20005/c?offset=336,,,,
1419,"
4,99 €","11,09 €/kg",Quitamanchas desinfectante en polvo Sanytol 450 g.,"Añadir
",https://www.carrefour.es/supermercado/limpieza-y-hogar/cat20005/c?offset=336,,,,
1420,"
2,19 €","0,15 €/ud",Bolsa de Basura 100% Reciclado RELEVO 30 l 15 ud - Verde,"Añadir
",https://www.carrefour.es/supermercado/limpieza-y-hogar/cat20005/c?offset=336,,,,
1421,"
2,69 €","3,59 €/l",Quitagrasas aroma cítrico recambio KH-7750 ml.,"Añadir
",https://www.carrefour.es/supermercado/limpieza-y-hogar/cat20005/c?offset=336,,,,
1422,"
1,23 €","0,82 €/l","Limpiahogar multisuperficies ph neutro Carrefour 1,5 l.","Añadir
",https://www.carrefour.es/supermercado/limpieza-y-hogar/cat20005/c?offset=336,,,,
1423,"
2,39 €","0,05 €/m",Papel aluminio Carrefour 50 metros,"Añadir
",https://www.carrefour.es/supermercado/limpieza-y-hogar/cat20005/c?offset=336,,,,
1424,"
2,05 €","2,05 €/ud",Ambientador de varillas frutos rojos Carrefour 45 ml.,"Añadir
",https://www.carrefour.es/supermercado/limpieza-y-hogar/cat20005/c?offset=360,,,,
1425,"
17,55 €","16,39 €","0,27 €/ud
 | 
0,25 €/ud",Lavavajillas máquina Todo en 1 regular Max Finish 65 ud.,Ver productos de la promoción,"Añadir
",https://www.carrefour.es/supermercado/limpieza-y-hogar/cat20005/c?offset=360,,
1426,"
3,85 €","5,13 €/l",Limpiador inducción KH-7 750 ml.,"Añadir
",https://www.carrefour.es/supermercado/limpieza-y-hogar/cat20005/c?offset=360,,,,
1427,"
2,09 €","2,09 €/l",Desengrasante multiusos perfumado El Milagrito 1 l.,"Añadir
",https://www.carrefour.es/supermercado/limpieza-y-hogar/cat20005/c?offset=360,,,,
1428,"
3,15 €","1,05 €/ud",Papel de cocina compacto Foxy 3 rollos.,"Añadir
",https://www.carrefour.es/supermercado/limpieza-y-hogar/cat20005/c?offset=360,,,,
1429,"
1,82 €","2,43 €/l",Limpiador perfumado Volvone 750 ml.,"Añadir
",https://www.carrefour.es/supermercado/limpieza-y-hogar/cat20005/c?offset=360,,,,
1430,"
2,05 €","2,05 €/ud",Ambientador de varillas flor de jazmín Carrefour 45 ml.,"Añadir
",https://www.carrefour.es/supermercado/limpieza-y-hogar/cat20005/c?offset=360,,,,
1431,"
2,19 €","0,29 €/100ml",Limpiador desinfectante gerpostar plus multiusos sin lejía Asevi 750 ml.,"Añadir
",https://www.carrefour.es/supermercado/limpieza-y-hogar/cat20005/c?offset=360,,,,
1432,"
4,59 €","10,20 €/kg",Quitamanchas ropa en polvo de color sin lejía Vanish Oxi-Action 450 g.,Ver productos de la promoción,"Añadir
",https://www.carrefour.es/supermercado/limpieza-y-hogar/cat20005/c?offset=384,,,
1433,"
4,15 €","0,13 €/lavado",Detergente liquido con jabón vegetal recambio Eco Planet Carrefour 33 lavados.,"Añadir
",https://www.carrefour.es/supermercado/limpieza-y-hogar/cat20005/c?offset=384,,,,
1434,"
2,09 €","1,39 €/l","Fregasuelos multidesinfección Sanicentro 1,5 l.","Añadir
",https://www.carrefour.es/supermercado/limpieza-y-hogar/cat20005/c?offset=384,,,,
1435,"
1,90 €","0,95 €/l",Lejía perfumada frescor floral Conejo 2 l.,"Añadir
",https://www.carrefour.es/supermercado/limpieza-y-hogar/cat20005/c?offset=384,,,,
1436,"
3,39 €","0,04 €/lavado",Suavizante concentrado delicado para pieles sensibles y alérgicas Vernel 76 lavados.,"Añadir
",https://www.carrefour.es/supermercado/limpieza-y-hogar/cat20005/c?offset=384,,,,
1437,"
2,45 €","3,27 €/l",Limpiador de wc limpieza total frescor Pato 750 ml.,"Añadir
",https://www.carrefour.es/supermercado/limpieza-y-hogar/cat20005/c?offset=384,,,,
1438,"
18,45 €","17,65 €","0,43 €/lavado
 | 
0,41 €/lavado",Detergente en capsulas extra higiene ultra oxy effect Ariel 43 ud.,Ver productos de la promoción,"Añadir
",https://www.carrefour.es/supermercado/limpieza-y-hogar/cat20005/c?offset=384,,
1439,"
1,99 €","0,66 €/ud",Estropajo VILEDA No Raya 2+1 ,"Añadir
",https://www.carrefour.es/supermercado/limpieza-y-hogar/cat20005/c?offset=384,,,,
1440,"
10,05 €","0,20 €/lavado",Detergente liquido aloe vera Skpi 50 lavados.,Ver productos de la promoción,"Añadir
",https://www.carrefour.es/supermercado/limpieza-y-hogar/cat20005/c?offset=408,,,
1441,"
3,85 €","3,29 €","0,06 €/lavado
 | 
0,05 €/lavado",Suavizante concentrado Elixir Sensorial Flor 60 lavados.,Ver productos de la promoción,"Añadir
",https://www.carrefour.es/supermercado/limpieza-y-hogar/cat20005/c?offset=408,,
1442,"
4,29 €","0,13 €/lavado",Detergente liquido con jabón vegetal eco planet Carrefour 33 lavados ,"Añadir
",https://www.carrefour.es/supermercado/limpieza-y-hogar/cat20005/c?offset=408,,,,
1443,"
5,04 €","0,13 €/lavado",Detergente liquido black Carrefour Expert 40 lavados.,"Añadir
",https://www.carrefour.es/supermercado/limpieza-y-hogar/cat20005/c?offset=408,,,,
1444,"
0,59 €","3,93 €/kg",Ambientador en gel frutos rojos Essential Carrefour 1 ud.,"Añadir
",https://www.carrefour.es/supermercado/limpieza-y-hogar/cat20005/c?offset=408,,,,
1445,"
1,19 €","0,04 €/ud",Set de Servilletas2 capas de Celulosa RENOVA Cocktail 30pz - Rojo,"Añadir
",https://www.carrefour.es/supermercado/limpieza-y-hogar/cat20005/c?offset=408,,,,
1446,"
1,10 €","1,47 €/l",Gel WC ecualipto ecológico Carefour Eco Planet 750 ml.,Bio,"Añadir
",https://www.carrefour.es/supermercado/limpieza-y-hogar/cat20005/c?offset=408,,,
1447,"
7,59 €","7,09 €","0,05 €/lavado
 | 
0,05 €/lavado",Flor Suavizante Hiper Ahorro Nenuco 156 Lavados,Ver productos de la promoción,"Añadir
",https://www.carrefour.es/supermercado/limpieza-y-hogar/cat20005/c?offset=408,,
1448,"
1,48 €","8,97 €/l",Colgador WC líquido azul Carrefour pack de 3 unidades de 55 ml.,"Añadir
",https://www.carrefour.es/supermercado/limpieza-y-hogar/cat20005/c?offset=432,,,,
1449,"
1,99 €","0,06 €/ud",Set 36 Pinzas de Ropa Grandes de Plástico CARREFOUR HOME ,"Añadir
",https://www.carrefour.es/supermercado/limpieza-y-hogar/cat20005/c?offset=432,,,,
1450,"
4,89 €","1,87 €/l","Quitamanchas líquido blanco puro Oxy Neutrex 2,62 l.","Añadir
",https://www.carrefour.es/supermercado/limpieza-y-hogar/cat20005/c?offset=432,,,,
1451,"
2,69 €","0,07 €/ud",Bolsas de congelación medianas Albal 40 ud.,"Añadir
",https://www.carrefour.es/supermercado/limpieza-y-hogar/cat20005/c?offset=432,,,,
1452,"
1,83 €","0,37 €/l",LEJIA LAVADORA CARREFOUR 5 LT,"Añadir
",https://www.carrefour.es/supermercado/limpieza-y-hogar/cat20005/c?offset=432,,,,
1453,"
3,89 €","0,07 €/lavado",Suavizante concentrado botánico ecológico Mimosin 52 lavados.,Bio,Ver productos de la promoción,"Añadir
",https://www.carrefour.es/supermercado/limpieza-y-hogar/cat20005/c?offset=432,,
1454,"
2,09 €","2,09 €/kg",Quitamanchas ropa de color en polvo Oxi Activo Mimidu 1 kg.,"Añadir
",https://www.carrefour.es/supermercado/limpieza-y-hogar/cat20005/c?offset=432,,,,
1455,"
18,75 €","0,42 €/lavado",Pastillas antical para lavadoras 3 en 1 en Calgon 45 ud.,Ver productos de la promoción,"Añadir
",https://www.carrefour.es/supermercado/limpieza-y-hogar/cat20005/c?offset=432,,,
1456,"
1,72 €","3,44 €/l",LIMPIA VITROCERAM.CRF PIST 500,"Añadir
",https://www.carrefour.es/supermercado/limpieza-y-hogar/cat20005/c?offset=456,,,,
1457,"
6,39 €","0,16 €/lavado",Detergente líquido para ropa de color Diario Norit 40 lavados.,"Añadir
",https://www.carrefour.es/supermercado/limpieza-y-hogar/cat20005/c?offset=456,,,,
1458,"
9,25 €","0,18 €/lavado",Gel para lavavajillas brillo y protección Finish 50 lavados.,Ver productos de la promoción,"Añadir
",https://www.carrefour.es/supermercado/limpieza-y-hogar/cat20005/c?offset=456,,,
1459,"
3,59 €","5,52 €/l",Lavavajillas a mano eucalipto Fairy 650 ml.,"Añadir
",https://www.carrefour.es/supermercado/limpieza-y-hogar/cat20005/c?offset=456,,,,
1460,"
3,89 €","3,89 €/ud",Palo Universal para Fregona o Cepillo de Acero VILEDA,"Añadir
",https://www.carrefour.es/supermercado/limpieza-y-hogar/cat20005/c?offset=456,,,,
1461,"
2,09 €","2,09 €/kg",Quitamanchas en polvo sin lejia oxigeno activo Mimidu 900 g.,"Añadir
",https://www.carrefour.es/supermercado/limpieza-y-hogar/cat20005/c?offset=456,,,,
1462,"
2,99 €","0,05 €/ud",Papel higiénico húmedo con aloe vera Sensitive Scottex 66 ud.,"Añadir
",https://www.carrefour.es/supermercado/limpieza-y-hogar/cat20005/c?offset=456,,,,
1463,"
5,79 €","0,25 €/lavado",Detergente en cápsulas original Ariel 23 ud.,"Añadir
",https://www.carrefour.es/supermercado/limpieza-y-hogar/cat20005/c?offset=456,,,,
1464,"
4,09 €","3,89 €","0,09 €/lavado
 | 
0,09 €/lavado",Suavizante concentrado jazmín fresco y lavanda silvestre Botanical Origin 45 lavados.,Ver productos de la promoción,"Añadir
",https://www.carrefour.es/supermercado/limpieza-y-hogar/cat20005/c?offset=480,,
1465,"
7,66 €","3,83 €/ud",Ambientador eléctrico 3Volution Tatami Japonés recambio Ambipur 2 ud.,"Añadir
",https://www.carrefour.es/supermercado/limpieza-y-hogar/cat20005/c?offset=480,,,,
1466,"
3,89 €","15,56 €/l",Limpia lavadoras higienizante elimina olores Sanytol 250 ml.,"Añadir
",https://www.carrefour.es/supermercado/limpieza-y-hogar/cat20005/c?offset=480,,,,
1467,"
3,69 €","10,70 €/l",Perfumador de ropa Instant Azul Spray Flor 345 ml.,Ver productos de la promoción,"Añadir
",https://www.carrefour.es/supermercado/limpieza-y-hogar/cat20005/c?offset=480,,,
1468,"
2,45 €","3,27 €/l",Limpiador de inodoros Pato 750 ml.,"Añadir
",https://www.carrefour.es/supermercado/limpieza-y-hogar/cat20005/c?offset=480,,,,
1469,"
3,89 €","3,89 €/ud",Escoba de interior antichoque Carrefour - Gris,"Añadir
",https://www.carrefour.es/supermercado/limpieza-y-hogar/cat20005/c?offset=480,,,,
1470,"
2,69 €","2,07 €/l","Limpiador higiene aroma fresco eucalipto Don Limpio 1,3 l.",Ver productos de la promoción,"Añadir
",https://www.carrefour.es/supermercado/limpieza-y-hogar/cat20005/c?offset=480,,,
1471,"
24,89 €","23,98 €","0,30 €/ud
 | 
0,29 €/ud",Lavavajillas a máquina en pastillas Quantum Ultimate Finish Powerball 84 ud.,Ver productos de la promoción,"Añadir
",https://www.carrefour.es/supermercado/limpieza-y-hogar/cat20005/c?offset=480,,
1472,"
12,05 €","0,24 €/lavado",Detergente líquido máxima Eficacia ultimate Skip 50 lavados.,Ver productos de la promoción,"Añadir
",https://www.carrefour.es/supermercado/limpieza-y-hogar/cat20005/c?offset=504,,,
1473,"
11,69 €","10,95 €","14,61 €/kg
 | 
13,69 €/kg",Quitamanchas en polvo para la ropa blanca Oxi Advance Vanish 800 g.,Ver productos de la promoción,"Añadir
",https://www.carrefour.es/supermercado/limpieza-y-hogar/cat20005/c?offset=504,,
1474,"
5,19 €","5,19 €/ud",Cepillo Antichoque VILEDA 3 en 1,"Añadir
",https://www.carrefour.es/supermercado/limpieza-y-hogar/cat20005/c?offset=504,,,,
1475,"
1,82 €","2,43 €/l",Insecticida moscas y mosquitos Carrefour 750 ml.,"Añadir
",https://www.carrefour.es/supermercado/limpieza-y-hogar/cat20005/c?offset=504,,,,
1476,"
8,40 €","0,21 €/lavado",Detergente líquido Complet Norit 40 lavados.,"Añadir
",https://www.carrefour.es/supermercado/limpieza-y-hogar/cat20005/c?offset=504,,,,
1477,"
1,99 €","1,99 €/ud",Antihumedad recambio Carrefour 1 ud.,"Añadir
",https://www.carrefour.es/supermercado/limpieza-y-hogar/cat20005/c?offset=504,,,,
1478,"
1,69 €","1,69 €/ud",Palo Telescópico de Acero CARREFOUR 150 cm,"Añadir
",https://www.carrefour.es/supermercado/limpieza-y-hogar/cat20005/c?offset=504,,,,
1479,"
2,51 €","0,06 €/lavado",Detergente liquido delicate Carrefour Expert 40 lavados.,"Añadir
",https://www.carrefour.es/supermercado/limpieza-y-hogar/cat20005/c?offset=504,,,,
1480,"
1,20 €","1,60 €/l",Amoniaco muy fuerte con detergente Carrefour 750 ml.,"Añadir
",https://www.carrefour.es/supermercado/limpieza-y-hogar/cat20005/c?offset=528,,,,
1481,"
0,65 €","0,65 €/l",AGUA PERFUMADA PLANCHADO1L CRF,"Añadir
",https://www.carrefour.es/supermercado/limpieza-y-hogar/cat20005/c?offset=528,,,,
1482,"
6,19 €","10,32 €/l",Limpiador alfombras y Tapicerias Espuma Vanish 600 ml.,Ver productos de la promoción,"Añadir
",https://www.carrefour.es/supermercado/limpieza-y-hogar/cat20005/c?offset=528,,,
1483,"
2,55 €","0,17 €/ud",Bolsa de Basura Perfumada Relevo 30l 15 ud - Rosa,"Añadir
",https://www.carrefour.es/supermercado/limpieza-y-hogar/cat20005/c?offset=528,,,,
1484,"
16,89 €","0,26 €/lavado",Detergente líquido azul Wipp Express 66 lavados.,"Añadir
",https://www.carrefour.es/supermercado/limpieza-y-hogar/cat20005/c?offset=528,,,,
1485,"
3,15 €","6,30 €/l",Abrillantador para lavavajillas anti olor Somat 500 ml.,"Añadir
",https://www.carrefour.es/supermercado/limpieza-y-hogar/cat20005/c?offset=528,,,,
1486,"
0,84 €","0,04 €/ud",Toallitas Limpiacristales Carrefour 20 ud.,"Añadir
",https://www.carrefour.es/supermercado/limpieza-y-hogar/cat20005/c?offset=528,,,,
1487,"
0,90 €","0,45 €/l",Lejía densoactiva perfume menta Carrefour 2 l.,"Añadir
",https://www.carrefour.es/supermercado/limpieza-y-hogar/cat20005/c?offset=528,,,,
1488,"
1,28 €","3,41 €/l",Ambientador de mecha ropa limpia Carrefour Essential 375 ml.,"Añadir
",https://www.carrefour.es/supermercado/limpieza-y-hogar/cat20005/c?offset=552,,,,
1489,"
5,99 €","2,99 €/ud",Ambientador eléctrico Sky recambio Ambipur 2 ud.,"Añadir
",https://www.carrefour.es/supermercado/limpieza-y-hogar/cat20005/c?offset=552,,,,
1490,"
8,39 €","0,19 €/lavado",Lavavajillas a máquina aroma limón Fairy Platinum Gel 45 lavados.,Ver productos de la promoción,"Añadir
",https://www.carrefour.es/supermercado/limpieza-y-hogar/cat20005/c?offset=552,,,
1491,"
3,39 €","0,28 €/ud",Bolsas de Basura Autocierre VILEDA Ecobag 50 l. 10 ud,"Añadir
",https://www.carrefour.es/supermercado/limpieza-y-hogar/cat20005/c?offset=552,,,,
1492,"
7,99 €","3,99 €/ud",Ambientador eléctrico Duplo Delicias de Verano recambio Air Wick 2 ud.,Ver productos de la promoción,"Añadir
",https://www.carrefour.es/supermercado/limpieza-y-hogar/cat20005/c?offset=552,,,
1493,"
1,50 €","1,50 €/ud",2 Guantes reforzados de Látex CarrefourM - Bicolor,"Añadir
",https://www.carrefour.es/supermercado/limpieza-y-hogar/cat20005/c?offset=552,,,,
1494,"
6,95 €","0,58 €/ud",Pack de 12 Pilas Alcalinas I-Tech Carrefour Lr06 (Aa),Ver productos de la promoción,"Añadir
",https://www.carrefour.es/supermercado/limpieza-y-hogar/cat20005/c?offset=552,,,
1495,"
2,99 €","2,99 €/l",Limpiador concentrado para madera Las 3 Brujas 1 l.,"Añadir
",https://www.carrefour.es/supermercado/limpieza-y-hogar/cat20005/c?offset=552,,,,
1496,"
12,95 €","0,22 €/lavado",Detergente en polvo básico Ariel 60 lavados.,"Añadir
",https://www.carrefour.es/supermercado/limpieza-y-hogar/cat20005/c?offset=576,,,,
1497,"
9,59 €","9,35 €","0,19 €/lavado
 | 
0,19 €/lavado",Detergente en polvo Total 3+1 Dixan 50 lavados.,Ver productos de la promoción,"Añadir
",https://www.carrefour.es/supermercado/limpieza-y-hogar/cat20005/c?offset=576,,
1498,"
2,19 €","0,18 €/ud",Bolsas multiusos con cierre cremallera Zipper 1l. Albal 12 ud.,"Añadir
",https://www.carrefour.es/supermercado/limpieza-y-hogar/cat20005/c?offset=576,,,,
1499,"
1,76 €","7,04 €/l",Ambientador automático vainilla recambio Carrefour Essential 1 ud.,"Añadir
",https://www.carrefour.es/supermercado/limpieza-y-hogar/cat20005/c?offset=576,,,,
1500,"
3,49 €","0,06 €/lavado",Suavizante concentrado flor lirio y lima Creaciones Mimosín 60 lavados.,Ver productos de la promoción,"Añadir
",https://www.carrefour.es/supermercado/limpieza-y-hogar/cat20005/c?offset=576,,,
1501,"
1,95 €","0,05 €/ud",Caja de 40 Filtros Para Cafetera de Papel MELITA 1x2 - Beige,"Añadir
",https://www.carrefour.es/supermercado/limpieza-y-hogar/cat20005/c?offset=576,,,,
1502,"
8,68 €","4,82 €/l","Quitamanchas en gel ropa de color 4 Vanish Oxi-Action 1,8 l.",Ver productos de la promoción,"Añadir
",https://www.carrefour.es/supermercado/limpieza-y-hogar/cat20005/c?offset=576,,,
1503,"
2,51 €","2,51 €/ud",Ambientador Relax Zen recambio Glade by brise 1 ud.,"Añadir
",https://www.carrefour.es/supermercado/limpieza-y-hogar/cat20005/c?offset=576,,,,
1504,"
2,79 €","3,72 €/l",Limpiacristales pistola ecológico Frosch 750 ml.,Bio,"Añadir
",https://www.carrefour.es/supermercado/limpieza-y-hogar/cat20005/c?offset=600,,,
1505,"
10,99 €","3,66 €/ud",Ambientador eléctrico Nenuco recambio Air Wick 3 ud.,Ver productos de la promoción,"Añadir
",https://www.carrefour.es/supermercado/limpieza-y-hogar/cat20005/c?offset=600,,,
1506,"
1,11 €","0,14 €/ud",Bolsas para asar al horno y microondas Carrefour 8 ud.,"Añadir
",https://www.carrefour.es/supermercado/limpieza-y-hogar/cat20005/c?offset=600,,,,
1507,"
3,15 €","4,50 €/l",Lejía y desengrasante en spray mousse perfume fresco Ace 700 ml.,"Añadir
",https://www.carrefour.es/supermercado/limpieza-y-hogar/cat20005/c?offset=600,,,,
1508,"
2,51 €","2,51 €/ud",Ambientador Discreet Lavanda y Jazmín recambio Glade by brise 1 ud.,"Añadir
",https://www.carrefour.es/supermercado/limpieza-y-hogar/cat20005/c?offset=600,,,,
1509,"
2,99 €","0,04 €/ud",Papel higiénico húmedo Junior Jumbo Scottex 76 ud.,"Añadir
",https://www.carrefour.es/supermercado/limpieza-y-hogar/cat20005/c?offset=600,,,,
1510,"
1,79 €","0,60 €/ud",Estropajo Fibra y Espuma SPONTEX Zero 2+1,"Añadir
",https://www.carrefour.es/supermercado/limpieza-y-hogar/cat20005/c?offset=600,,,,
1511,"
1,75 €","0,02 €/lavado",Suavizante concentrado talco Sublim 80 lavados.,"Añadir
",https://www.carrefour.es/supermercado/limpieza-y-hogar/cat20005/c?offset=600,,,,
1512,"
0,63 €","0,42 €/l","Fregasuelos limón Biotán 1,5 l.","Añadir
",https://www.carrefour.es/supermercado/limpieza-y-hogar/cat20005/c?offset=624,,,,
1513,"
5,69 €","0,19 €/lavado",Detergente en cápsulas duo cerezos de Japón Carrefour 30 ud.,"Añadir
",https://www.carrefour.es/supermercado/limpieza-y-hogar/cat20005/c?offset=624,,,,
1514,"
1,93 €","1,93 €/ud",Ambientador con difusor eléctrico + recambio Ropa Limpia Essential Carrefour 1 ud.,"Añadir
",https://www.carrefour.es/supermercado/limpieza-y-hogar/cat20005/c?offset=624,,,,
1515,"
3,35 €","16,75 €/l",Quitamanchas en seco spray Cebralín 200 ml.,"Añadir
",https://www.carrefour.es/supermercado/limpieza-y-hogar/cat20005/c?offset=624,,,,
1516,"
12,35 €","0,25 €/lavado",Detergente líquido limpio y liso Wipp Express 50 lavados.,"Añadir
",https://www.carrefour.es/supermercado/limpieza-y-hogar/cat20005/c?offset=624,,,,
1517,"
5,81 €","8,30 €/l",Limpiador detuberías con carbón activo WC Net 1 ud.,"Añadir
",https://www.carrefour.es/supermercado/limpieza-y-hogar/cat20005/c?offset=624,,,,
1518,"
3,69 €","3,69 €/kg",Quitamanchas en polvo Oxy Power Gold Carrefour 1 kg.,"Añadir
",https://www.carrefour.es/supermercado/limpieza-y-hogar/cat20005/c?offset=624,,,,
1519,"
1,33 €","1,33 €/ud",Ambientador eléctrico manzana y canela recambio Essential Carrefour 1 ud.,"Añadir
",https://www.carrefour.es/supermercado/limpieza-y-hogar/cat20005/c?offset=624,,,,
1520,"
2,95 €","0,30 €/ud",10 Bolsas de Basura Material Reciclado CARREFOUR Jardín 100 l.,"Añadir
",https://www.carrefour.es/supermercado/limpieza-y-hogar/cat20005/c?offset=648,,,,
1521,"
11,69 €","10,95 €","7,31 €/l
 | 
6,84 €/l",Potenciador del lavado líquido Vanish Oxi-Advance 1600 ml.,Ver productos de la promoción,"Añadir
",https://www.carrefour.es/supermercado/limpieza-y-hogar/cat20005/c?offset=648,,
1522,"
4,69 €","4,69 €/ud",Recogedor con Palo VILEDA Universal,"Añadir
",https://www.carrefour.es/supermercado/limpieza-y-hogar/cat20005/c?offset=648,,,,
1523,"
2,05 €","2,05 €/ud",Ambientador de varillas colonia Carrefour 45 ml.,"Añadir
",https://www.carrefour.es/supermercado/limpieza-y-hogar/cat20005/c?offset=648,,,,
1524,"
4,39 €","17,56 €/l",Ambientador aerosol Pure Nenuco Air Wick 250 ml.,Ver productos de la promoción,"Añadir
",https://www.carrefour.es/supermercado/limpieza-y-hogar/cat20005/c?offset=648,,,
1525,"
1,65 €","1,65 €/ud",Vela perfumada jazmín Carrefour Essential 1 ud.,"Añadir
",https://www.carrefour.es/supermercado/limpieza-y-hogar/cat20005/c?offset=648,,,,
1526,"
1,36 €","1,36 €/ud",Ambientador eléctrico Flor de cerezo recambio Essential Carrefour 1 ud.,"Añadir
",https://www.carrefour.es/supermercado/limpieza-y-hogar/cat20005/c?offset=648,,,,
1527,"
2,99 €","2,99 €/ud",Encendedor U140,"Añadir
",https://www.carrefour.es/supermercado/limpieza-y-hogar/cat20005/c?offset=648,,,,
1528,"
4,39 €","17,56 €/l",Ambientador flores de cerezo pure Air Wick 250 ml.,Ver productos de la promoción,"Añadir
",https://www.carrefour.es/supermercado/limpieza-y-hogar/cat20005/c?offset=672,,,
1529,"
1,74 €","0,04 €/ud",Toallitas multiusos limpieza Carrefour 40 ud.,"Añadir
",https://www.carrefour.es/supermercado/limpieza-y-hogar/cat20005/c?offset=672,,,,
1530,"
3,05 €","3,05 €/ud",Discos WC berry magic Pato 1 ud.,Ver productos de la promoción,"Añadir
",https://www.carrefour.es/supermercado/limpieza-y-hogar/cat20005/c?offset=672,,,
1531,"
1,57 €","12,56 €/l",Ambientador concentrado WC Foresan 125 ml.,"Añadir
",https://www.carrefour.es/supermercado/limpieza-y-hogar/cat20005/c?offset=672,,,,
1532,"
10,35 €","0,30 €/lavado",Detergente en cápsulas Trio Caps Total 3+1 Dixan 34 lavados.,"Añadir
",https://www.carrefour.es/supermercado/limpieza-y-hogar/cat20005/c?offset=672,,,,
1533,"
6,55 €","0,82 €/ud",Set de 8 Bayetas Microfibras SPONTEX ,"Añadir
",https://www.carrefour.es/supermercado/limpieza-y-hogar/cat20005/c?offset=672,,,,
1534,"
1,65 €","1,65 €/ud",Ambientador para coche olor frutos rojos Carrefour 1 ud.,"Añadir
",https://www.carrefour.es/supermercado/limpieza-y-hogar/cat20005/c?offset=672,,,,
1535,"
1,90 €","1,90 €/ud",Insecticida eléctrico antimosquitos líquido recambio Carrefour 1 ud.,"Añadir
",https://www.carrefour.es/supermercado/limpieza-y-hogar/cat20005/c?offset=672,,,,
1536,"
0,99 €","1,32 €/l",Limpiador en crema aroma limón Producto Blanco 750 ml,"Añadir
",https://www.carrefour.es/supermercado/limpieza-y-hogar/cat20005/c?offset=696,,,,
1537,"
10,89 €","12,96 €/kg",Quitamanchas elimina olores en polvo Vanish OxiAction 840 g.,Ver productos de la promoción,"Añadir
",https://www.carrefour.es/supermercado/limpieza-y-hogar/cat20005/c?offset=696,,,
1538,"
1,75 €","0,03 €/ud",Pañuelos allergy comfort Kleenex 56 ud.,"Añadir
",https://www.carrefour.es/supermercado/limpieza-y-hogar/cat20005/c?offset=696,,,,
1539,"
2,29 €","0,29 €/ud",Bolsas multiusos con cierre cremallera Zipper 3l. Albal 8 ud.,"Añadir
",https://www.carrefour.es/supermercado/limpieza-y-hogar/cat20005/c?offset=696,,,,
1540,"
1,99 €","1,99 €/ud","Palo Antideslizante de Acero CARREFOUR 2,2x2,2x140 cm","Añadir
",https://www.carrefour.es/supermercado/limpieza-y-hogar/cat20005/c?offset=696,,,,
1541,"
1,69 €","2,25 €/l",Limpiacristales ecológico Carrefour Ecoplanet 750 ml.,Bio,"Añadir
",https://www.carrefour.es/supermercado/limpieza-y-hogar/cat20005/c?offset=696,,,
1542,"
1,50 €","1,50 €/ud",Guante Reforzado de Látex CARREFOUR G 2 ud - Bicolor,"Añadir
",https://www.carrefour.es/supermercado/limpieza-y-hogar/cat20005/c?offset=696,,,,
1543,"
1,65 €","1,65 €/ud",Ambientador para coche océano Carrefour 1 ud.,"Añadir
",https://www.carrefour.es/supermercado/limpieza-y-hogar/cat20005/c?offset=696,,,,
1544,"
2,09 €","0,14 €/ud",Antical para lavadoras en pastillas Carrefour 15 ud.,"Añadir
",https://www.carrefour.es/supermercado/limpieza-y-hogar/cat20005/c?offset=720,,,,
1545,"
1,24 €","1,24 €/ud",Bolsas antipolillas ropa limpia Carrefour 24 ud.,"Añadir
",https://www.carrefour.es/supermercado/limpieza-y-hogar/cat20005/c?offset=720,,,,
1546,"
2,49 €","2,49 €/ud",Fregona de Microfibra SCOTCH BRITE Ultrasec - Verde,"Añadir
",https://www.carrefour.es/supermercado/limpieza-y-hogar/cat20005/c?offset=720,,,,
1547,"
1,22 €","1,22 €/ud",Ambientador de armario frutos rojos The Fruit Company 1 ud.,"Añadir
",https://www.carrefour.es/supermercado/limpieza-y-hogar/cat20005/c?offset=720,,,,
1548,"
3,99 €","0,18 €/lavado",Detergente en cápsulas con carbón vegetal ecológico Eco Planet Carrefour 22 ud.,Bio,"Añadir
",https://www.carrefour.es/supermercado/limpieza-y-hogar/cat20005/c?offset=720,,,
1549,"
3,85 €","0,06 €/lavado",Suavizante concentrado herbal Elixir Flor 60 lavados.,Ver productos de la promoción,"Añadir
",https://www.carrefour.es/supermercado/limpieza-y-hogar/cat20005/c?offset=720,,,
1550,"
1,20 €","1,60 €/l",Gel WC super desincrustante Carrefour 750 ml.,"Añadir
",https://www.carrefour.es/supermercado/limpieza-y-hogar/cat20005/c?offset=720,,,,
1551,"
1,50 €",3 €/l,Limpiador de aceros inoxidables Carrefour 500 ml.,"Añadir
",https://www.carrefour.es/supermercado/limpieza-y-hogar/cat20005/c?offset=720,,,,
1552,"
9,29 €","0,44 €/lavado",Detergente en cápsulas con efecto de eliminación de manchas Oxi Todo en Uno Pods Ariel 21 lavados. ,"Añadir
",https://www.carrefour.es/supermercado/limpieza-y-hogar/cat20005/c?offset=744,,,,
1553,"
16,45 €","0,34 €/lavado",Detergente en cápsulas Todo en Uno Pods Ariel 48 lavados.,Ver productos de la promoción,"Añadir
",https://www.carrefour.es/supermercado/limpieza-y-hogar/cat20005/c?offset=744,,,
1554,"
0,94 €","3,13 €/l",Ambientador aerosol de muguete Carrefour Essential 300 ml.,"Añadir
",https://www.carrefour.es/supermercado/limpieza-y-hogar/cat20005/c?offset=744,,,,
1555,"
1,99 €","1,99 €/ud",2 Guantes especial lejía de Nitrilo CarrefourM - Verde,"Añadir
",https://www.carrefour.es/supermercado/limpieza-y-hogar/cat20005/c?offset=744,,,,
1556,"
12,99 €","0,18 €/lavado",Detergente líquido Active Clean Skip 74 lavados.,Ver productos de la promoción,"Añadir
",https://www.carrefour.es/supermercado/limpieza-y-hogar/cat20005/c?offset=744,,,
1557,"
2,05 €","2,05 €/ud",Ambientador de varillas absorbeolores cocina Carrefour 45 ml.,"Añadir
",https://www.carrefour.es/supermercado/limpieza-y-hogar/cat20005/c?offset=744,,,,
1558,"
3,15 €","3,15 €/ud",Antihumedad aroma neutro aparato y recambio Carrefour 1 ud.,"Añadir
",https://www.carrefour.es/supermercado/limpieza-y-hogar/cat20005/c?offset=744,,,,
1559,"
7,99 €","3,99 €/ud",Ambientador eléctrico 3Volution Flores Elegantes recambio Ambipur 2 ud.,"Añadir
",https://www.carrefour.es/supermercado/limpieza-y-hogar/cat20005/c?offset=744,,,,
1560,"
2,99 €","29,90 €/kg",Limpiador de metales Algodón Mágico Stark 100 g.,"Añadir
",https://www.carrefour.es/supermercado/limpieza-y-hogar/cat20005/c?offset=768,,,,
1561,"
4,99 €","1,25 €/ud",Pack de 4 Pilas Alcalinas Uso Frecuente Aaa Lr03 Ultra Plus,Ver productos de la promoción,"Añadir
",https://www.carrefour.es/supermercado/limpieza-y-hogar/cat20005/c?offset=768,,,
1562,"
10,65 €","0,36 €/lavado",Detergente en cápsulas 4 en 1 limpieza profunda Discs Antiolores Wipp Express 30 ud.,"Añadir
",https://www.carrefour.es/supermercado/limpieza-y-hogar/cat20005/c?offset=768,,,,
1563,"
1,49 €","0,08 €/ud",Vela perfumada vainilla Aromatium 18 ud.,"Añadir
",https://www.carrefour.es/supermercado/limpieza-y-hogar/cat20005/c?offset=768,,,,
1564,"
1,35 €","1,35 €/ud",Servilletas Papel Dos Capas RENOVA Love&Action Coktail 22x22 cm,"Añadir
",https://www.carrefour.es/supermercado/limpieza-y-hogar/cat20005/c?offset=768,,,,
1565,"
6,35 €","30,24 €/kg",Perfume para la ropa en perlas concentrado spring Unstoppables Lenor 210 g.,Ver productos de la promoción,"Añadir
",https://www.carrefour.es/supermercado/limpieza-y-hogar/cat20005/c?offset=768,,,
1566,"
1,23 €","0,82 €/l","Limpiahogar multisuperficies frescor pino Carrefour 1,5 l.","Añadir
",https://www.carrefour.es/supermercado/limpieza-y-hogar/cat20005/c?offset=768,,,,
1567,"
7,25 €","3,62 €/ud",Ambientador eléctrico White Bouquet recambio Air Wick 2 ud.,Ver productos de la promoción,"Añadir
",https://www.carrefour.es/supermercado/limpieza-y-hogar/cat20005/c?offset=768,,,
1568,"
6,35 €","0,63 €/ud",10 Bolsas de basura Handy Bag Especial Jardín 100 Litros - Verde,"Añadir
",https://www.carrefour.es/supermercado/limpieza-y-hogar/cat20005/c?offset=792,,,,
1569,"
3,15 €","3,15 €/ud",Ambientador eléctrico Campos de Lavanda recambio Ambipur 1 ud.,"Añadir
",https://www.carrefour.es/supermercado/limpieza-y-hogar/cat20005/c?offset=792,,,,
1570,"
3,99 €","0,17 €/ud",Set de 24 Vasos de Plástico NUPIK 40 cc- Transparente,"Añadir
",https://www.carrefour.es/supermercado/limpieza-y-hogar/cat20005/c?offset=792,,,,
1571,"
1,76 €","0,88 €/l",Lejía perfumada frescor del campo Ace 2 l.,"Añadir
",https://www.carrefour.es/supermercado/limpieza-y-hogar/cat20005/c?offset=792,,,,
1572,"
2,20 €","2,20 €/ud",Cepillo Lavar con Asa VIGAR - Azul,"Añadir
",https://www.carrefour.es/supermercado/limpieza-y-hogar/cat20005/c?offset=792,,,,
1573,"
3,59 €","3,59 €/ud",Bayeta Escurrevajillas Antibacterias de Algodón VILEDA Sin Gota XL,"Añadir
",https://www.carrefour.es/supermercado/limpieza-y-hogar/cat20005/c?offset=792,,,,
1574,"
6,19 €","2.063,33 €/kg",Pegamento Loctite Súper Glue-3 Minitrio 3x1gr,"Añadir
",https://www.carrefour.es/supermercado/limpieza-y-hogar/cat20005/c?offset=792,,,,
1575,"
2,89 €","0,40 €/100ml",Suavizante perfumado con microcápsulas Essential Carrefour 36 lavados,"Añadir
",https://www.carrefour.es/supermercado/limpieza-y-hogar/cat20005/c?offset=792,,,,
1576,"
7,95 €","7,95 €/ud",Ambientador automático Fresh Matic Nenuco aparato y recambio Air Wick 1 ud.,Ver productos de la promoción,"Añadir
",https://www.carrefour.es/supermercado/limpieza-y-hogar/cat20005/c?offset=816,,,
1577,"
10,29 €","0,32 €/lavado",Detergente en capsulas higiene Colon 32 lavados ,Ver productos de la promoción,"Añadir
",https://www.carrefour.es/supermercado/limpieza-y-hogar/cat20005/c?offset=816,,,
1578,"
6,10 €","20,33 €/l",Perfume para la ropa glamour Flor ElixirDeluxe 300 ml.,Ver productos de la promoción,"Añadir
",https://www.carrefour.es/supermercado/limpieza-y-hogar/cat20005/c?offset=816,,,
1579,"
0,99 €","0,99 €/ud",Cepillo de Uñas Doble Cara CARREFOUR,"Añadir
",https://www.carrefour.es/supermercado/limpieza-y-hogar/cat20005/c?offset=816,,,,
1580,"
3,49 €","3,49 €/ud",Fregona de Microfibras Recicladas SPONTEX,"Añadir
",https://www.carrefour.es/supermercado/limpieza-y-hogar/cat20005/c?offset=816,,,,
1581,"
18,49 €","0,39 €/ud",Lavavajillas a máquina en pastillas Quantum Ultimate Finish Powerball 48 ud.,Ver productos de la promoción,"Añadir
",https://www.carrefour.es/supermercado/limpieza-y-hogar/cat20005/c?offset=816,,,
1582,"
1,33 €","1,33 €/ud",Ambientador eléctrico ropa limpia recambio Essential Carrefour 1 ud.,"Añadir
",https://www.carrefour.es/supermercado/limpieza-y-hogar/cat20005/c?offset=816,,,,
1583,"
1,49 €","0,08 €/ud",Vela perfumada frutos del bosque Aromatium 18 ud.,"Añadir
",https://www.carrefour.es/supermercado/limpieza-y-hogar/cat20005/c?offset=816,,,,
1584,"
14,95 €","0,24 €/lavado",Detergente en polvo azul Wipp Express 62 lavados.,"Añadir
",https://www.carrefour.es/supermercado/limpieza-y-hogar/cat20005/c?offset=840,,,,
1585,"
4,15 €","0,07 €/lavado",Suavizante concentrado azul Revive Flor 60 lavados. ,Ver productos de la promoción,"Añadir
",https://www.carrefour.es/supermercado/limpieza-y-hogar/cat20005/c?offset=840,,,
1586,"
4,50 €","0,56 €/kg",Leña Chimenea 8Kg,"Añadir
",https://www.carrefour.es/supermercado/limpieza-y-hogar/cat20005/c?offset=840,,,,
1587,"
10,65 €","10,65 €/ud",Set de Mopa con Palo Carrefour,"Añadir
",https://www.carrefour.es/supermercado/limpieza-y-hogar/cat20005/c?offset=840,,,,
1588,"
3,25 €","3,25 €/ud",Fregona de tiras BALLERINA- Amarilla,"Añadir
",https://www.carrefour.es/supermercado/limpieza-y-hogar/cat20005/c?offset=840,,,,
1589,"
2,29 €","2,29 €/ud",Ambientador eléctrico 3Volution solo aparato Ambipur 1 ud.,"Añadir
",https://www.carrefour.es/supermercado/limpieza-y-hogar/cat20005/c?offset=840,,,,
1590,"
4,99 €","12,47 €/100ml",Ambientador de varillas bebé y colonia Cristalinas 40 ml.,Ver productos de la promoción,"Añadir
",https://www.carrefour.es/supermercado/limpieza-y-hogar/cat20005/c?offset=840,,,
1591,"
9,99 €","9,99 €/ud",Fregona Microfibra VILEDA Turbo Refill 2 en 1,"Añadir
",https://www.carrefour.es/supermercado/limpieza-y-hogar/cat20005/c?offset=840,,,,
1592,"
4,55 €","19,28 €/l",Ambientado en spray vetiver caribeño y sándalo Botanica de Air Wick 236 ml.,Ver productos de la promoción,"Añadir
",https://www.carrefour.es/supermercado/limpieza-y-hogar/cat20005/c?offset=864,,,
1593,"
2,05 €","0,08 €/lavado",Detergente líquido 27 lavados.,"Añadir
",https://www.carrefour.es/supermercado/limpieza-y-hogar/cat20005/c?offset=864,,,,
1594,"
9,59 €","0,32 €/lavado",Detergente en cápsulas coladas mixtas Micolor 30 lavados.,"Añadir
",https://www.carrefour.es/supermercado/limpieza-y-hogar/cat20005/c?offset=864,,,,
1595,"
0,95 €",19 €/l,Crema liquida autobrillante negro Carrefour 50 ml.,"Añadir
",https://www.carrefour.es/supermercado/limpieza-y-hogar/cat20005/c?offset=864,,,,
1596,"
0,70 €","0,70 €/ud",Vaso de Pinta Midi 36 cl HOME STYLE - Transparente,"Añadir
",https://www.carrefour.es/supermercado/limpieza-y-hogar/cat20005/c?offset=864,,,,
1597,"
2,59 €","51,80 €/kg",Desodorizante cisterna en pastilla agua Azul Pato 1 ud.,"Añadir
",https://www.carrefour.es/supermercado/limpieza-y-hogar/cat20005/c?offset=864,,,,
1598,"
2,49 €","3,32 €/l",Limpiacristales con brillo protector Luminia 750 ml.,"Añadir
",https://www.carrefour.es/supermercado/limpieza-y-hogar/cat20005/c?offset=864,,,,
1599,"
3,99 €","3,99 €/ud","Recambio para Mopa Abrillantadora de Microfibra CARREFOUR 2x17,5x44 cm - Verde","Añadir
",https://www.carrefour.es/supermercado/limpieza-y-hogar/cat20005/c?offset=864,,,,
1600,"
3,69 €","3,69 €/ud",Palo para Fregona de Acero VILEDA - Rojo,"Añadir
",https://www.carrefour.es/supermercado/limpieza-y-hogar/cat20005/c?offset=888,,,,
1601,"
5,29 €","2,64 €/ud",Ambientador Bali Sandalwood y Jasmine recambio Glade by brise 2 ud.,"Añadir
",https://www.carrefour.es/supermercado/limpieza-y-hogar/cat20005/c?offset=888,,,,
1602,"
1,93 €","1,93 €/ud",Ambientador mini spray ropa limpia aparato y recambio Essential Carrefour 1 ud.,"Añadir
",https://www.carrefour.es/supermercado/limpieza-y-hogar/cat20005/c?offset=888,,,,
1603,"
4,69 €","0,13 €/lavado",Detergente liquido expert octimal clean Carrefour 36 lavados.,"Añadir
",https://www.carrefour.es/supermercado/limpieza-y-hogar/cat20005/c?offset=888,,,,
1604,"
4,49 €","4,49 €/ud",Ambientador eléctrico orquídea y vainilla recambio Air Wick 1 ud.,Ver productos de la promoción,"Añadir
",https://www.carrefour.es/supermercado/limpieza-y-hogar/cat20005/c?offset=888,,,
1605,"
1,50 €","0,07 €/ud",Bolsas multiperforadas cierre zip Carrefour 20 ud.,"Añadir
",https://www.carrefour.es/supermercado/limpieza-y-hogar/cat20005/c?offset=888,,,,
1606,"
3,15 €","15,75 €/l",Blanqueador de juntas de azulejos Baldosinín 200 ml.,"Añadir
",https://www.carrefour.es/supermercado/limpieza-y-hogar/cat20005/c?offset=888,,,,
1607,"
3,45 €","3,45 €/ud",Ambientador de coche brisa marina 2 en 1 Cristalinas 1 ud.,Ver productos de la promoción,"Añadir
",https://www.carrefour.es/supermercado/limpieza-y-hogar/cat20005/c?offset=888,,,
1608,"
2,25 €","0,04 €/ud",50 PalillosFACKELMANN Asia 15cm. - Madera,"Añadir
",https://www.carrefour.es/supermercado/limpieza-y-hogar/cat20005/c?offset=912,,,,
1609,"
1,08 €","0,03 €/ud",Pastillas limpiadoras multiusos Expert Carrefour 40 ud.,"Añadir
",https://www.carrefour.es/supermercado/limpieza-y-hogar/cat20005/c?offset=912,,,,
1610,"
1,06 €","0,53 €/ud",Plantillas desodorante de Carbón Activado 1 par.,"Añadir
",https://www.carrefour.es/supermercado/limpieza-y-hogar/cat20005/c?offset=912,,,,
1611,"
1,38 €","1,38 €/ud",Ambientador eléctrico colonia recambio Essential Carrefour 1 ud.,"Añadir
",https://www.carrefour.es/supermercado/limpieza-y-hogar/cat20005/c?offset=912,,,,
1612,"
6,19 €","20,63 €/l",Perfume para la ropa romance Flor ElixirDeluxe 300 ml.,Ver productos de la promoción,"Añadir
",https://www.carrefour.es/supermercado/limpieza-y-hogar/cat20005/c?offset=912,,,
1613,"
0,75 €","0,01 €/ud",Cápsula Magdalena N8 - Blanco,"Añadir
",https://www.carrefour.es/supermercado/limpieza-y-hogar/cat20005/c?offset=912,,,,
1614,"
2,30 €","1,15 €/ud",Pinza antipolillas y antiácaros fragance ropa limpia Orion 2 ud.,"Añadir
",https://www.carrefour.es/supermercado/limpieza-y-hogar/cat20005/c?offset=912,,,,
1615,"
6,45 €","1,29 €/ud",Bayetas Multiusos Microfibras BALLERINA Collection BALLERINA5 ud ,"Añadir
",https://www.carrefour.es/supermercado/limpieza-y-hogar/cat20005/c?offset=912,,,,
1616,"
2,45 €","1,22 €/ud",Estropajo Mosaik Universale No Raya SPONTEX 2 ud - Multicolor,"Añadir
",https://www.carrefour.es/supermercado/limpieza-y-hogar/cat20005/c?offset=936,,,,
1617,"
2,95 €","0,30 €/ud",Plumero atrapapolvo Carrefour 10 ud.,"Añadir
",https://www.carrefour.es/supermercado/limpieza-y-hogar/cat20005/c?offset=936,,,,
1618,"
5,75 €","0,11 €/lavado",Detergente líquido esencia para soñar Active Plus Flota 50 lavados,"Añadir
",https://www.carrefour.es/supermercado/limpieza-y-hogar/cat20005/c?offset=936,,,,
1619,"
8,39 €","8,39 €/ud",Antihumedad percha ideal para armarios Humydry 1 ud.,"Añadir
",https://www.carrefour.es/supermercado/limpieza-y-hogar/cat20005/c?offset=936,,,,
1620,"
1,45 €","1,45 €/ud",Guantes de Látex BAYECO Protect Antibacterias Talla M - Azul,"Añadir
",https://www.carrefour.es/supermercado/limpieza-y-hogar/cat20005/c?offset=936,,,,
1621,"
4,50 €","1,12 €/kg",Astillas de Pino 4 Kg,"Añadir
",https://www.carrefour.es/supermercado/limpieza-y-hogar/cat20005/c?offset=936,,,,
1622,"
2,59 €","2,59 €/ud",Ambientador Armario Clásico Don Algodón,"Añadir
",https://www.carrefour.es/supermercado/limpieza-y-hogar/cat20005/c?offset=936,,,,
1623,"
4,05 €","8,10 €/100ml",Ambientador flor perfumada fresa nata The Fruit Company 50 ml.,"Añadir
",https://www.carrefour.es/supermercado/limpieza-y-hogar/cat20005/c?offset=936,,,,
1624,"
2,10 €","0,04 €/ud",Set de 50 Cucharillas Madera NUPIK Naturgo ,"Añadir
",https://www.carrefour.es/supermercado/limpieza-y-hogar/cat20005/c?offset=960,,,,
1625,"
6,69 €","0,48 €/lavado",Potenciador de Perfume Suprême Pearls Magic Affair Vernel 14 lavados.,"Añadir
",https://www.carrefour.es/supermercado/limpieza-y-hogar/cat20005/c?offset=960,,,,
1626,"
4,85 €","0,48 €/ud",10 Bolsas de basura de Plástico reciclado Handy Bag Resistente 100 Litros - Verde,"Añadir
",https://www.carrefour.es/supermercado/limpieza-y-hogar/cat20005/c?offset=960,,,,
1627,"
5,49 €","0,69 €/ud",Set 8 Perchas de Madera CARREFOUR HOME - Natural,"Añadir
",https://www.carrefour.es/supermercado/limpieza-y-hogar/cat20005/c?offset=960,,,,
1628,"
1,99 €","1,99 €/ud",Cubode agua de Plástico Carrefour10 Litros - Translúcido,"Añadir
",https://www.carrefour.es/supermercado/limpieza-y-hogar/cat20005/c?offset=960,,,,
1629,"
2,39 €","2,39 €/ud",Cepillo para limpieza de rinconesRozenbal- Azul,"Añadir
",https://www.carrefour.es/supermercado/limpieza-y-hogar/cat20005/c?offset=960,,,,
1630,"
1,80 €","0,90 €/ud",Ambientador mini spray Lavanda recambio Carrefour 2 ud.,"Añadir
",https://www.carrefour.es/supermercado/limpieza-y-hogar/cat20005/c?offset=960,,,,
1631,"
13,99 €","13,99 €/ud",Cartucho de Tinta HP 304 – Negro,"Añadir
",https://www.carrefour.es/supermercado/limpieza-y-hogar/cat20005/c?offset=960,,,,
1632,"
17,25 €","0,34 €/lavado",Detergente en cápsulas 4 en 1 limpieza profunda Discs Wipp Express 50 ud.,"Añadir
",https://www.carrefour.es/supermercado/limpieza-y-hogar/cat20005/c?offset=984,,,,
1633,"
1,43 €","0,95 €/l","Limpiahogar multisuperficies flores de amapola Carrefour 1,5 l.","Añadir
",https://www.carrefour.es/supermercado/limpieza-y-hogar/cat20005/c?offset=984,,,,
1634,"
7,65 €","1,53 €/l",Lavaparabrisas Krafft Anti-Lluvia 5L,Ver productos de la promoción,"Añadir
",https://www.carrefour.es/supermercado/limpieza-y-hogar/cat20005/c?offset=984,,,
1635,"
2,95 €","11,80 €/l",Limpiador de pantallas Luminia 250 ml.,"Añadir
",https://www.carrefour.es/supermercado/limpieza-y-hogar/cat20005/c?offset=984,,,,
1636,"
3,99 €",3990 €/ud,"Mantel rollo de Papel NAVIDEÑO 4 mx1,20 m - Rojo","Añadir
",https://www.carrefour.es/supermercado/limpieza-y-hogar/cat20005/c?offset=984,,,,
1637,"
1,16 €","0,04 €/ud",Insecticida eléctrico antimosquitos en pastillas Carrefour 30 ud.,"Añadir
",https://www.carrefour.es/supermercado/limpieza-y-hogar/cat20005/c?offset=984,,,,
1638,"
4,89 €","6,52 €/l",Insecticida antirrastreros laca Carrefour 750 ml.,"Añadir
",https://www.carrefour.es/supermercado/limpieza-y-hogar/cat20005/c?offset=984,,,,
1639,"
9,09 €","0,40 €/lavado",Detergente en cápsulas sensación Ariel 23 ud.,"Añadir
",https://www.carrefour.es/supermercado/limpieza-y-hogar/cat20005/c?offset=984,,,,
1640,"
20,10 €","0,35 €/ud",Pañales Dodot Bebé-Seco extra absorción T5+ (12-17 kg.) 58 ud.,"Añadir
",https://www.carrefour.es/supermercado/bebe/cat20006/c?offset=24,,,,
1641,"
1,99 €","8,65 €/kg",Tarrito Ternera Con Verduras Ecológica Smileat 230 grs,Bio,Sin gluten,"Añadir
",https://www.carrefour.es/supermercado/bebe/cat20006/c?offset=24,,
1642,"
2,59 €","0,03 €/ud",Gasas bebe para limpieza de ojos y cara Dytas 100 us.,"Añadir
",https://www.carrefour.es/supermercado/bebe/cat20006/c?offset=24,,,,
1643,"
1,45 €","1,45 €/l",Leche infantil de crecimiento de 12 a 36 meses con cereales Puleva Peques 3 brik 1 l.,"Añadir
",https://www.carrefour.es/supermercado/bebe/cat20006/c?offset=24,,,,
1644,"
1,15 €","4,89 €/kg",Tarrito de zanahorias baby con ternera desde 6 meses Hero Baby sin aceite de palma 235 g.,"Añadir
",https://www.carrefour.es/supermercado/bebe/cat20006/c?offset=24,,,,
1645,"
5,69 €","5,50 €","4,74 €/kg
 | 
4,58 €/kg",Tarritos Buenas Noches Guisantes con Jamón Hero Baby 6x190 grs,Ver productos de la promoción,"Añadir
",https://www.carrefour.es/supermercado/bebe/cat20006/c?offset=24,,
1646,"
3,25 €","0,02 €/ud",Bastoncillos Johnson's Baby 200 uds,"Añadir
",https://www.carrefour.es/supermercado/bebe/cat20006/c?offset=24,,,,
1647,"
2,45 €","6,12 €/kg",Tarrito de verduras con lubina desde 8 meses ecológico Carrefour Baby Bio sin gluten pack de 2 unidades de 200 g.,Bio,Sin gluten,"Añadir
",https://www.carrefour.es/supermercado/bebe/cat20006/c?offset=24,,
1648,"
6,59 €","4,67 €/kg",Tarrito de arroz blanco supremas de merluza desde 8 meses Hero Baby sin aceite de palma pack 6 unidades de 235 g.,"Añadir
",https://www.carrefour.es/supermercado/bebe/cat20006/c?offset=48,,,,
1649,"
6,59 €","4,67 €/kg",Tarrito de arroz con pollo desde 6 meses Hero baby sin aceite de palma pack de 6 unidades de 235 g.,"Añadir
",https://www.carrefour.es/supermercado/bebe/cat20006/c?offset=48,,,,
1650,"
4,55 €","0,03 €/ud",Toallitas para bebé pure extra care Huggies 168 ud.,"Añadir
",https://www.carrefour.es/supermercado/bebe/cat20006/c?offset=48,,,,
1651,"
0,99 €","9,90 €/kg",Yogur de manzana y fresa ecológica Hero Solo bolsita 100 g. ,Bio,"Añadir
",https://www.carrefour.es/supermercado/bebe/cat20006/c?offset=48,,,
1652,"
1,99 €","8,65 €/kg",Tarrito de Guisito de Alubias Ecológico Smileat 230 gr,Bio,"Añadir
",https://www.carrefour.es/supermercado/bebe/cat20006/c?offset=48,,,
1653,"
1,54 €","1,54 €/l",Leche infantil de crecimiento desde 2 años con cereales Nestlé Junior sin aceite de palma brik 1 l.,"Añadir
",https://www.carrefour.es/supermercado/bebe/cat20006/c?offset=48,,,,
1654,"
4,09 €","0,55 €/100ml",Champú Johnson´s Baby 750 ml.,"Añadir
",https://www.carrefour.es/supermercado/bebe/cat20006/c?offset=48,,,,
1655,"
3,49 €","15,86 €/kg",Galletas de espelta y fruta sin azúcar añadido ecológica Smileat 220 g.,Bio,"Añadir
",https://www.carrefour.es/supermercado/bebe/cat20006/c?offset=48,,,
1656,"
0,58 €","0,03 €/ud",Toallitas limpiadoras cara y manos Soft 20 ud.,"Añadir
",https://www.carrefour.es/supermercado/bebe/cat20006/c?offset=72,,,,
1657,"
3,19 €","8,86 €/kg",Preparado de 4 frutas Nestlé sin gluten pack de 4 unidades de 90 g.,Sin gluten,"Añadir
",https://www.carrefour.es/supermercado/bebe/cat20006/c?offset=72,,,
1658,"
1,99 €","8,65 €/kg",Tarrito de verdura con merluza desde 8 meses ecológica Smileat sin gluten 230 g.,Bio,Sin gluten,"Añadir
",https://www.carrefour.es/supermercado/bebe/cat20006/c?offset=72,,
1659,"
5,35 €","6,52 €/kg",Papilla infantil desde 6 meses 8 Cereales sin azúcar añadido Hero Baby sin lactosa y sin aceite de palma 820 gr,Sin lactosa,Ver productos de la promoción,"Añadir
",https://www.carrefour.es/supermercado/bebe/cat20006/c?offset=72,,
1660,"
20,10 €","0,29 €/ud",Pañales Dodot bebé-seco extra absorción T3 (7-11 Kg) 70 ud.,"Añadir
",https://www.carrefour.es/supermercado/bebe/cat20006/c?offset=72,,,,
1661,"
25,30 €","24,20 €","0,53 €/ud
 | 
0,50 €/ud",Pañales Dodot Sensitive Talla 5+ (12-17 kg.) 48 ud.,Ver productos de la promoción,"Añadir
",https://www.carrefour.es/supermercado/bebe/cat20006/c?offset=72,,
1662,"
1,35 €","5,74 €/kg",Tarrito de verduras con ternera y arroz en trocitos desde 10 meses Hero Baby sin aceite de palma 235 ml.,"Añadir
",https://www.carrefour.es/supermercado/bebe/cat20006/c?offset=72,,,,
1663,"
1,07 €","10,70 €/kg",Bolsita de fresa y plátano desde 6 meses ecológico Smileat sin gluten sin lactosa 100 g,Bio,Sin gluten,Sin lactosa,"Añadir
",https://www.carrefour.es/supermercado/bebe/cat20006/c?offset=72,
1664,"
3,49 €","0,70 €/100ml",Champú Johnson's Baby 500 ml.,"Añadir
",https://www.carrefour.es/supermercado/bebe/cat20006/c?offset=96,,,,
1665,"
0,81 €","8,10 €/kg",Bolsita Hero Baby Merienda Plátano Fresa 100 gr,Sin gluten,"Añadir
",https://www.carrefour.es/supermercado/bebe/cat20006/c?offset=96,,,
1666,"
1,50 €","1,50 €/l",Leche infantil de crecimiento desde 1 año con cereales Nestlé Junior sin aceite de palma brik 1 l.,"Añadir
",https://www.carrefour.es/supermercado/bebe/cat20006/c?offset=96,,,,
1667,"
1,93 €","1,85 €","55,14 €/kg
 | 
52,86 €/kg",Snack de cereales con frambuesa ecológico Nutripuffs Naturnes Bio Nestlé 35 g.,Bio,Ver productos de la promoción,"Añadir
",https://www.carrefour.es/supermercado/bebe/cat20006/c?offset=96,
1668,"
2,09 €","11,61 €/kg",Galletas Infantiles Nestlé sin aceite de palma 180 g.,"Añadir
",https://www.carrefour.es/supermercado/bebe/cat20006/c?offset=96,,,,
1669,"
1,18 €","9,83 €/kg",Tarrito de pera y manzana desde 4 meses ecológico Hero Solo sin gluten 120 g.,Bio,Sin gluten,"Añadir
",https://www.carrefour.es/supermercado/bebe/cat20006/c?offset=96,,
1670,"
45,99 €","0,32 €/ud",Pañales Dodot Activity XXL Talla 4 (9-14 kg) 144 ud.,"Añadir
",https://www.carrefour.es/supermercado/bebe/cat20006/c?offset=96,,,,
1671,"
1,99 €","4,97 €/kg",Tarrito de verduritas con ternera desde 6 meses ecológico Carrefour Baby Bio pack de 2 unidades de 200 g,Bio,Sin gluten,"Añadir
",https://www.carrefour.es/supermercado/bebe/cat20006/c?offset=96,,
1672,"
24,70 €","23,70 €","0,62 €/ud
 | 
0,59 €/ud",Pant Dodot Activity Extra Talla 5 (12-17 kg) 40 ud.,Ver productos de la promoción,"Añadir
",https://www.carrefour.es/supermercado/bebe/cat20006/c?offset=120,,
1673,"
1,45 €","11,15 €/kg","Tarrito infantil de pera, ciruela y plátano desde 4 meses ecológico Smileat sin gluten sin lactosa 130 g.",Bio,Sin gluten,Sin lactosa,"Añadir
",https://www.carrefour.es/supermercado/bebe/cat20006/c?offset=120,
1674,"
2,09 €","5,22 €/kg",Yogur infantil galleta desde 6 meses Nestlé Yogolino pack de 4 unidades de 100 g,"Añadir
",https://www.carrefour.es/supermercado/bebe/cat20006/c?offset=120,,,,
1675,"
14,49 €","0,91 €/ud",Ropa interior absorbente niña noche DryNites 4-7 años (17kg-30 kg.) 16 ud.,Ver productos de la promoción,"Añadir
",https://www.carrefour.es/supermercado/bebe/cat20006/c?offset=120,,,
1676,"
5,35 €","6,52 €/kg",Papilla infantil desde 6 meses 8 Cereales con galleta sin azúcar añadido Hero Baby sin lactosa y sin aceite de palma 820 gr,Sin lactosa,Ver productos de la promoción,"Añadir
",https://www.carrefour.es/supermercado/bebe/cat20006/c?offset=120,,
1677,"
1,99 €","4,97 €/kg",Tarrito de lentejas con verduritas desde 8 meses ecológico Carrefour Baby Bio pack de 2 unidades de 200 g,Bio,Sin gluten,"Añadir
",https://www.carrefour.es/supermercado/bebe/cat20006/c?offset=120,,
1678,"
7,84 €","0,13 €/ud",Pañales Carrefour Baby soft&protect Talla 2 (3-6 kg) 60 ud.,"Añadir
",https://www.carrefour.es/supermercado/bebe/cat20006/c?offset=120,,,,
1679,"
22,83 €","0,12 €/ud",Pañales Carrefour Baby Ultra Dry Talla 3 (4-9 kg) 184 ud.,"Añadir
",https://www.carrefour.es/supermercado/bebe/cat20006/c?offset=120,,,,
1680,"
1,68 €","0,03 €/ud",Bolsas Pañales Carrefour Baby x50,"Añadir
",https://www.carrefour.es/supermercado/bebe/cat20006/c?offset=144,,,,
1681,"
1,99 €","4,97 €/kg",Preparado de manzana sin azúcar añadido desde 6 meses ecológico My Carrefour Baby sin gluten pack de 4 bolsitas de 100 g.,Bio,Sin gluten,"Añadir
",https://www.carrefour.es/supermercado/bebe/cat20006/c?offset=144,,
1682,"
2,45 €","6,12 €/kg",Tarrito de verduritas con dorada desde 8 meses ecológico Carrefour Baby Bio sin gluten pack de 2 unidades de 200 g.,Bio,Sin gluten,"Añadir
",https://www.carrefour.es/supermercado/bebe/cat20006/c?offset=144,,
1683,"
5,35 €","6,52 €/kg",Papilla infantil desde 6 meses 8 cereales con miel sin azúcar añadido Hero Baby sin lactosa y sin aceite de palma 820 g.,Sin lactosa,Ver productos de la promoción,"Añadir
",https://www.carrefour.es/supermercado/bebe/cat20006/c?offset=144,,
1684,"
20,20 €","0,36 €/ud",Pants Dodot T6 (15 + kg) 56 ud.,"Añadir
",https://www.carrefour.es/supermercado/bebe/cat20006/c?offset=144,,,,
1685,"
1,15 €","4,89 €/kg",Tarrito de frutas variadas desde 4 meses Hero Baby 235 g.,"Añadir
",https://www.carrefour.es/supermercado/bebe/cat20006/c?offset=144,,,,
1686,"
0,99 €","4,21 €/kg",Tarrito de verduritas con lenguado desde 6 meses Nutribén 235 g.,"Añadir
",https://www.carrefour.es/supermercado/bebe/cat20006/c?offset=144,,,,
1687,"
3,69 €","0,74 €/100ml",Champú extra Suave Nenuco 500 ml,"Añadir
",https://www.carrefour.es/supermercado/bebe/cat20006/c?offset=144,,,,
1688,"
2,05 €","5,12 €/kg",Postre Lácteo con frutas variadas y queso fresco desde 8 meses Nestlé Yogolino sin gluten sin aceite de palma pack de 4 unidades de 100 g.,Sin gluten,"Añadir
",https://www.carrefour.es/supermercado/bebe/cat20006/c?offset=168,,,
1689,"
1,45 €","11,15 €/kg",Tarrito infantil de manzana y naranja desde 4 meses ecológica Smileatsin gluten sin lactosa 130 g.,Bio,Sin gluten,Sin lactosa,"Añadir
",https://www.carrefour.es/supermercado/bebe/cat20006/c?offset=168,
1690,"
1,93 €","55,14 €/kg",Snack de cereales con zanahoria ecológico Nutripuffs Naturnes Bio Nestlé 35 g.,Bio,Ver productos de la promoción,"Añadir
",https://www.carrefour.es/supermercado/bebe/cat20006/c?offset=168,,
1691,"
0,99 €",9 €/kg,Preparado de plátano y fresa Nestle sin gluten sin lactosa bolsita 110 g.,Sin gluten,Sin lactosa,"Añadir
",https://www.carrefour.es/supermercado/bebe/cat20006/c?offset=168,,
1692,"
1,99 €","9,05 €/kg","Papilla infantil desde 4 meses de crema de arroz sin azúcar añadido Hero Baby sin gluten, sin lactosa y sin aceite de palma 220 g.",Sin gluten,Sin lactosa,"Añadir
",https://www.carrefour.es/supermercado/bebe/cat20006/c?offset=168,,
1693,"
2,49 €",1 €/100ml,Crema cuidado culito hipoalergénico Carrefour My Baby 250 ml. ,"Añadir
",https://www.carrefour.es/supermercado/bebe/cat20006/c?offset=168,,,,
1694,"
8,49 €","0,22 €/ud",Pañales Dodot Sensitive T2 (4-8 kg.) 39 ud.,"Añadir
",https://www.carrefour.es/supermercado/bebe/cat20006/c?offset=168,,,,
1695,"
6,99 €","0,25 €/ud",Pañales ecológicos Carrefour Baby Talla 4 maxi (7-18 Kg) 28 ud.,Bio,"Añadir
",https://www.carrefour.es/supermercado/bebe/cat20006/c?offset=168,,,
1696,"
0,99 €",9 €/kg,Preparado de tutti frutti Nestle bolsita sin gluten sin lactosa 110 g.,Sin gluten,Sin lactosa,"Añadir
",https://www.carrefour.es/supermercado/bebe/cat20006/c?offset=192,,
1697,"
24,70 €","23,70 €","0,67 €/ud
 | 
0,64 €/ud",Pants Dodot Activity Extra Talla 6 +16 Kg 37 ud.,Ver productos de la promoción,"Añadir
",https://www.carrefour.es/supermercado/bebe/cat20006/c?offset=192,,
1698,"
10,45 €","9,85 €","13,06 €/kg
 | 
12,31 €/kg",Leche infantil de crecimiento desde 12 meses en polvo Nutrasense Premium 3 Hero Baby sin aceite de palma lata 800 g.,Ver productos de la promoción,"Añadir
",https://www.carrefour.es/supermercado/bebe/cat20006/c?offset=192,,
1699,"
2,09 €","5,22 €/kg",Pack Dos Tarrinas Hero Baby de Verduras y Pollo,Sin gluten,"Añadir
",https://www.carrefour.es/supermercado/bebe/cat20006/c?offset=192,,,
1700,"
25,30 €","24,20 €","0,58 €/ud
 | 
0,55 €/ud",Pañales Dodot sensitive extra Talla 6 (+14 kg) 44 ud.,Ver productos de la promoción,"Añadir
",https://www.carrefour.es/supermercado/bebe/cat20006/c?offset=192,,
1701,"
5,15 €","5,72 €/kg",Papilla infantil desde 6 meses 8 cereales con galleta maría Nestlé 900 g.,"Añadir
",https://www.carrefour.es/supermercado/bebe/cat20006/c?offset=192,,,,
1702,"
5,15 €","5,72 €/kg",Papilla infantil desde 6 meses 8 cereales Nestlé 900 g. ,"Añadir
",https://www.carrefour.es/supermercado/bebe/cat20006/c?offset=192,,,,
1703,"
9,25 €","0,23 €/ud",Pañales Premium Ultra Protect Carrefour Baby T4 (7kg.-18kg.) 40 ud.,"Añadir
",https://www.carrefour.es/supermercado/bebe/cat20006/c?offset=192,,,,
1704,"
2,69 €","0,36 €/100ml",Champú con extracto de camomila Carrefour Baby 750 ml.,"Añadir
",https://www.carrefour.es/supermercado/bebe/cat20006/c?offset=216,,,,
1705,"
8,65 €","0,43 €/ud",Protector Absorbente Sabanindas Extra 60x60cm 20 ud.,"Añadir
",https://www.carrefour.es/supermercado/bebe/cat20006/c?offset=216,,,,
1706,"
10,45 €","9,85 €","13,06 €/kg
 | 
12,31 €/kg",Leche infantil de continuación desde 6 meses en polvo Nutrasense Premium 2 Hero Baby sin aceite de palma lata 800 g.,Ver productos de la promoción,"Añadir
",https://www.carrefour.es/supermercado/bebe/cat20006/c?offset=216,,
1707,"
3,99 €","0,80 €/100ml",Loción Dulces Sueños Johnson's 500 ml,"Añadir
",https://www.carrefour.es/supermercado/bebe/cat20006/c?offset=216,,,,
1708,"
19,19 €","0,24 €/ud",Pants My Carrefour Baby T5 (12-18 kg) 80 ud,"Añadir
",https://www.carrefour.es/supermercado/bebe/cat20006/c?offset=216,,,,
1709,"
2,99 €","7,48 €/kg",Papilla infantil con cereales desde 4 meses ecológico Carrefour Baby Bio sin gluten 400 g.,Bio,Sin gluten,"Añadir
",https://www.carrefour.es/supermercado/bebe/cat20006/c?offset=216,,
1710,"
14,49 €","0,91 €/ud",Ropa interior absorbente niña noche DryNites 3-5 años (16kg-23 kg.) 16 ud,Ver productos de la promoción,"Añadir
",https://www.carrefour.es/supermercado/bebe/cat20006/c?offset=216,,,
1711,"
0,99 €",11 €/kg,Bolsitas Yogolino Plátano y Fresa 90 gr,Sin gluten,"Añadir
",https://www.carrefour.es/supermercado/bebe/cat20006/c?offset=216,,,
1712,"
2,99 €","0,40 €/100ml",Crema corporal aceite de almendra Carrefour Baby 500 ml.,"Añadir
",https://www.carrefour.es/supermercado/bebe/cat20006/c?offset=240,,,,
1713,"
1,94 €","3,59 €/l",Leche infantil de crecimiento desde un 1 año con cereales Nestlé Crecimiento Junior sin aceite de palma pack de 3 brik 180 ml.,"Añadir
",https://www.carrefour.es/supermercado/bebe/cat20006/c?offset=240,,,,
1714,"
1,15 €","4,89 €/kg","Tarrito de plátano, manzana, pera y mandarina desde 4 meses Hero Baby 235 g.","Añadir
",https://www.carrefour.es/supermercado/bebe/cat20006/c?offset=240,,,,
1715,"
0,99 €",11 €/kg,Bolsitas Yogolino Manzana y Fresa a partir de 8 meses 90gr,Sin gluten,"Añadir
",https://www.carrefour.es/supermercado/bebe/cat20006/c?offset=240,,,
1716,"
6,79 €","8,93 €/kg",Tarrito de verduras de la huerta con pollo y arroz desde 6 meses ecológico Hero baby sin gluten pack de 4 unidades de 190 g.,Bio,Sin gluten,"Añadir
",https://www.carrefour.es/supermercado/bebe/cat20006/c?offset=240,,
1717,"
1,42 €","3,55 €/kg","Tarrito de manzana, plátano, pera y melocotón desde 4 meses sin azúcar añadido Mi Menú sin gluten sin lactosa pack de 2 unidades de 200 g.",Sin gluten,Sin lactosa,"Añadir
",https://www.carrefour.es/supermercado/bebe/cat20006/c?offset=240,,
1718,"
2,45 €","0,08 €/ud",Pack 30 Discos de Lactancia Carrefour Baby,"Añadir
",https://www.carrefour.es/supermercado/bebe/cat20006/c?offset=240,,,,
1719,"
9,19 €","15,32 €/kg",Papilla Infantil Blevit Plus Duplo 8 Cereales Galleta 600 gr,"Añadir
",https://www.carrefour.es/supermercado/bebe/cat20006/c?offset=240,,,,
1720,"
1,31 €","6,55 €/kg",Tarrito de natilla con galleta desde 6 meses Mi Menú sin aceite de palma pack de 2 unidades de 100 g.,"Añadir
",https://www.carrefour.es/supermercado/bebe/cat20006/c?offset=264,,,,
1721,"
2,99 €","7,48 €/kg",Papilla multicereales con fruta desde 6 meses ecológico Carrefour Baby Bio 400 g.,Bio,"Añadir
",https://www.carrefour.es/supermercado/bebe/cat20006/c?offset=264,,,
1722,"
7,85 €","13,08 €/kg",Papilla Infantil Blevit Plus Cola Cao 600 gr,"Añadir
",https://www.carrefour.es/supermercado/bebe/cat20006/c?offset=264,,,,
1723,"
10,25 €","10,25 €/100ml",Colonia Infantil Suavinex 100 ml,"Añadir
",https://www.carrefour.es/supermercado/bebe/cat20006/c?offset=264,,,,
1724,"
1,69 €","8,89 €/kg",Tarrito de pera y plátano desde 4 meses ecológico Hero Solo sin gluten 190 g.,Bio,Sin gluten,"Añadir
",https://www.carrefour.es/supermercado/bebe/cat20006/c?offset=264,,
1725,"
7,19 €","9,99 €/kg",Tarrito de pera y manzana desde 4 meses ecológico Hero Baby sin gluten pack de 6 unidades de 120 g.,Bio,Sin gluten,"Añadir
",https://www.carrefour.es/supermercado/bebe/cat20006/c?offset=264,,
1726,"
6,99 €","0,23 €/ud",Pañales ecológicos Carrefour Baby Talla 3 Mini (4-9 Kg) 30 ud.,Bio,"Añadir
",https://www.carrefour.es/supermercado/bebe/cat20006/c?offset=264,,,
1727,"
20,90 €","17,84 €","0,37 €/ud
 | 
0,32 €/ud",Pañales Dodot Cuidado Total T2 (4-8 kg) 56 ud.,"Añadir
",https://www.carrefour.es/supermercado/bebe/cat20006/c?offset=264,,,
1728,"
19,09 €","23,86 €/kg",Leche infantil de crecimiento desde los 12 meses en polvo Nestlé Nan Supreme 3 sin aceite de palma lata 800 g.,"Añadir
",https://www.carrefour.es/supermercado/bebe/cat20006/c?offset=288,,,,
1729,"
3,35 €","0,67 €/100ml",Aceite corporal Johnson´s Baby 500 ml.,"Añadir
",https://www.carrefour.es/supermercado/bebe/cat20006/c?offset=288,,,,
1730,"
14,39 €","2,88 €/100ml",Champú de romero para cabello fino ecológico Urtekram 500 ml.,Bio,"Añadir
",https://www.carrefour.es/supermercado/bebe/cat20006/c?offset=288,,,
1731,"
8,89 €","0,23 €/ud",Pañales Dodot Pro Sensitive recién nacidoT1 (2 kg-5 kg.) 38 ud.,"Añadir
",https://www.carrefour.es/supermercado/bebe/cat20006/c?offset=288,,,,
1732,"
23,61 €","27,78 €/kg",Complemento Alimenticio desde 12 meses sabor vainilla Pediasure 850gr,"Añadir
",https://www.carrefour.es/supermercado/bebe/cat20006/c?offset=288,,,,
1733,"
5,39 €","1,08 €/100ml",Detergente para biberones y tetinas Suavinex 500 ml.,"Añadir
",https://www.carrefour.es/supermercado/bebe/cat20006/c?offset=288,,,,
1734,"
15,49 €","19,36 €/kg",Preparado Lácteo de crecimiento desde los 12 meses Blemil Plus 3 lata 800 g.,"Añadir
",https://www.carrefour.es/supermercado/bebe/cat20006/c?offset=288,,,,
1735,"
21,10 €","26,37 €/kg",Leche infantil de continuación desde 6 meses Nan Supreme sin aceite dea palma 2 lata 800 g.,"Añadir
",https://www.carrefour.es/supermercado/bebe/cat20006/c?offset=288,,,,
1736,"
19,29 €","16,07 €/kg",Leche infantil de continuación desde 6 meses Nutribén Pro+ 2 1200 g.,"Añadir
",https://www.carrefour.es/supermercado/bebe/cat20006/c?offset=312,,,,
1737,"
4,05 €","20,25 €/kg",Papilla infantil desde 4 meses cereales ecológica Almirón sin gluten sin lactosa sin aceite de palma 200 g.,Bio,Sin gluten,Sin lactosa,"Añadir
",https://www.carrefour.es/supermercado/bebe/cat20006/c?offset=312,
1738,"
18,15 €","15,12 €/kg",Leche infantil de continuación desde 6 meses en polvo Nestlé Nidina 2 sin aceite de palma pack de 2 latas de 600 g.,"Añadir
",https://www.carrefour.es/supermercado/bebe/cat20006/c?offset=312,,,,
1739,"
8,19 €","0,24 €/ud",Pañales Chelino Nature T4 (9-15 kg) bio 34 ud.,Bio,"Añadir
",https://www.carrefour.es/supermercado/bebe/cat20006/c?offset=312,,,
1740,"
1,99 €","3,98 €/l",Leche infantil de continuación con cereales Pijama desde 6 meses Nestlé sin aceite de palma pack de 2 unidades de 250 ml,"Añadir
",https://www.carrefour.es/supermercado/bebe/cat20006/c?offset=312,,,,
1741,"
4,05 €","20,25 €/kg",Papilla infantil desde 6 meses multicereales ecológico Almirón sin aceite de palma 200 g.,Bio,Sin lactosa,"Añadir
",https://www.carrefour.es/supermercado/bebe/cat20006/c?offset=312,,
1742,"
1,06 €","1,06 €/100ml",Aceite aloe Johnson's Baby 100 ml.,"Añadir
",https://www.carrefour.es/supermercado/bebe/cat20006/c?offset=312,,,,
1743,"
2,35 €","0,12 €/ud",Compresa tocológica de algodón Maternity 20 ud.,"Añadir
",https://www.carrefour.es/supermercado/bebe/cat20006/c?offset=312,,,,
1744,"
20,10 €","16,99 €","0,44 €/ud
 | 
0,37 €/ud",Pañales Dodot Cuidado Total T3 (6-10 kg) 46 ud.,"Añadir
",https://www.carrefour.es/supermercado/bebe/cat20006/c?offset=336,,,
1745,"
1,89 €","9,95 €/kg",Tarrito de manzana y plátano desde 4 meses ecológico Naturnes Nestlé 190 g.,Bio,"Añadir
",https://www.carrefour.es/supermercado/bebe/cat20006/c?offset=336,,,
1746,"
1,99 €","3,98 €/l",Leche infantil de continuación con cereales desde 6 meses Nestlé sin gluten sin aceite de palma pack 2 unidades de 250 ml.,Sin gluten,"Añadir
",https://www.carrefour.es/supermercado/bebe/cat20006/c?offset=336,,,
1747,"
29,40 €","24,50 €/kg",Leche de inicio Blemil Plus 1 Forte 1200 g.,"Añadir
",https://www.carrefour.es/supermercado/bebe/cat20006/c?offset=336,,,,
1748,"
5,99 €","0,30 €/ud",Pants soft & eco-friendly ecológico My Carrefour Baby T4 (8-15 kg) 20 ud.,Bio,"Añadir
",https://www.carrefour.es/supermercado/bebe/cat20006/c?offset=336,,,
1749,"
13,75 €","22,92 €/kg",Leche Biológrica HiPP 2600 gr,Bio,"Añadir
",https://www.carrefour.es/supermercado/bebe/cat20006/c?offset=336,,,
1750,"
11,39 €","9,11 €/100g",Pasta al agua Eryplast 125 g.,"Añadir
",https://www.carrefour.es/supermercado/bebe/cat20006/c?offset=336,,,,
1751,"
15,35 €","19,19 €/kg",Leche infantil de crecimiento desde 1 año a base de proteína de soja Velactín sin lactosa 800 g.,Sin lactosa,"Añadir
",https://www.carrefour.es/supermercado/bebe/cat20006/c?offset=336,,,
1752,"
8,19 €","54,60 €/kg",Infusión Infantil Blevit Sueño 150 gr,"Añadir
",https://www.carrefour.es/supermercado/bebe/cat20006/c?offset=360,,,,
1753,"
2,05 €","5,12 €/kg",Yogur natural sin azúcar añadido desde los 6 meses Nestlé Bebé pack de 4 unidades de 100 g.,"Añadir
",https://www.carrefour.es/supermercado/bebe/cat20006/c?offset=360,,,,
1754,"
0,65 €","7,22 €/kg",Bolsita de fresa desde 6 meses ecológica Yogisan Be Plus 90 g.,Bio,"Añadir
",https://www.carrefour.es/supermercado/bebe/cat20006/c?offset=360,,,
1755,"
24,40 €","30,50 €/kg",Leche infantl antiregurgitación desde el primer día Blemil Plus 800 g.,"Añadir
",https://www.carrefour.es/supermercado/bebe/cat20006/c?offset=360,,,,
1756,"
14,39 €","17,99 €/kg",Leche infantil de crecimiento desde los 12 meses en polvo Nestlé Nan Optipro 3 sin aceite de palma lata 800 g.,"Añadir
",https://www.carrefour.es/supermercado/bebe/cat20006/c?offset=360,,,,
1757,"
27,50 €","34,37 €/kg",Leche infantil desde el primer día en polvo Almirón Avance Digest 1 800 g.,"Añadir
",https://www.carrefour.es/supermercado/bebe/cat20006/c?offset=360,,,,
1758,"
3,95 €","19,75 €/kg",Papilla infantil desde 4 meses crema de arroz ecológico Almirón sin gluten sin aceite de palma 200 g.,Bio,Sin gluten,Sin lactosa,"Añadir
",https://www.carrefour.es/supermercado/bebe/cat20006/c?offset=360,
1759,"
5,39 €","5,39 €/ud",Termómetro Baño,"Añadir
",https://www.carrefour.es/supermercado/bebe/cat20006/c?offset=360,,,,
1760,"
7,55 €","7,55 €/ud",Biberón de 260 ml Anti-Colic Philips Avent,"Añadir
",https://www.carrefour.es/supermercado/bebe/cat20006/c?offset=384,,,,
1761,"
5,59 €","5,59 €/ud",Chupete de silicona 6-18 meses Nuk Space 1 ud.,"Añadir
",https://www.carrefour.es/supermercado/bebe/cat20006/c?offset=384,,,,
1762,"
8,89 €","8,89 €/ud",Biberón de 330 ml Anti-Colic Philips Avent,"Añadir
",https://www.carrefour.es/supermercado/bebe/cat20006/c?offset=384,,,,
1763,"
12,39 €","15,49 €/kg",Leche infantil de crecimiento desde los 24 meses en polvo Nestlé Nan Optipro 4 sin aceite de palma lata 800 g.,"Añadir
",https://www.carrefour.es/supermercado/bebe/cat20006/c?offset=384,,,,
1764,"
24 €",30 €/kg,Leche infantil anti-cólico y anti-estreñimiento desde los 6 meses en polvo Almirón Advance Digest 2 lata 800 g.,"Añadir
",https://www.carrefour.es/supermercado/bebe/cat20006/c?offset=384,,,,
1765,"
13,05 €","2,72 €/kg",Leche infantil de crecimiento en polvo desde 24 meses 4 Premium Nidina sin aceite de palma 1 lata de 800 g.,"Añadir
",https://www.carrefour.es/supermercado/bebe/cat20006/c?offset=384,,,,
1766,"
6,49 €","3,24 €/ud",Chupete con tetina fisiológica de silicona +18 meses Suavinex 2 ud.,"Añadir
",https://www.carrefour.es/supermercado/bebe/cat20006/c?offset=384,,,,
1767,"
5,65 €","2,82 €/ud",Tetina de látex anatómica Talla L desde 6 meses Nuk 2 ud,"Añadir
",https://www.carrefour.es/supermercado/bebe/cat20006/c?offset=384,,,,
1768,"
6,19 €","3,09 €/ud",Pack Chupetes Anatómicos Suavinex Látex 2 uds,"Añadir
",https://www.carrefour.es/supermercado/bebe/cat20006/c?offset=408,,,,
1769,"
4,29 €","4,29 €/ud",Mordedor Refrigerante +4M Etapa 2,"Añadir
",https://www.carrefour.es/supermercado/bebe/cat20006/c?offset=408,,,,
1770,"
6,49 €","3,24 €/ud",Chupete con tetina fisiológica de silicona de 6-18 meses Suavinex 2 ud,"Añadir
",https://www.carrefour.es/supermercado/bebe/cat20006/c?offset=408,,,,
1771,"
5,25 €","0,19 €/ud",Pañales Chelino T2 (3-6 kg) 28 ud.,"Añadir
",https://www.carrefour.es/supermercado/bebe/cat20006/c?offset=408,,,,
1772,"
10,19 €","67,93 €/100ml",Aceite OTC Repavar Rosa de Mosqueta,"Añadir
",https://www.carrefour.es/supermercado/bebe/cat20006/c?offset=408,,,,
1773,"
1,56 €","15,60 €/kg",Bolsita de trigo y miel desde 6 meses Nestlé 110 g,"Añadir
",https://www.carrefour.es/supermercado/bebe/cat20006/c?offset=408,,,,
1774,"
6,19 €","3,09 €/ud",Chupete anatómico de látex desde 12 meses Suavinex 2 ud.,"Añadir
",https://www.carrefour.es/supermercado/bebe/cat20006/c?offset=408,,,,
1775,"
20,60 €","2,57 €/100g",Leche infantil para lactantes desde el primer día anticólico y antiestreñimiento Damira lata 800 g.,"Añadir
",https://www.carrefour.es/supermercado/bebe/cat20006/c?offset=408,,,,
1776,"
7,69 €","7,69 €/ud",Biberón con tetina silicona + 3 meses Suavinex 270 ml.,"Añadir
",https://www.carrefour.es/supermercado/bebe/cat20006/c?offset=432,,,,
1777,"
7,69 €","7,69 €/ud",Biberón con tetina de silicona fisiológica flujo lento +0 mesesSuavinex 150 ml,"Añadir
",https://www.carrefour.es/supermercado/bebe/cat20006/c?offset=432,,,,
1778,"
9,05 €","9,05 €/ud",Biberón con asas y boquilla antiderrame desde 6 meses Suavinex 150 ml.,"Añadir
",https://www.carrefour.es/supermercado/bebe/cat20006/c?offset=432,,,,
1779,"
23,50 €","5,87 €/100ml",Crema Antiestrías Suavinex 400ml,"Añadir
",https://www.carrefour.es/supermercado/bebe/cat20006/c?offset=432,,,,
1780,"
11,35 €","11,35 €/ud",Biberón con tetina de silicona de 0-6 meses Nuk Nature Sense 240 ml.,"Añadir
",https://www.carrefour.es/supermercado/bebe/cat20006/c?offset=432,,,,
1781,"
7,09 €","7,09 €/ud",Protector de pezón mediano 21 mm Avent Philips 2 ud.,"Añadir
",https://www.carrefour.es/supermercado/bebe/cat20006/c?offset=432,,,,
1782,"
6,59 €","6,59 €/ud",Tetina de silicona anti-cólico 0-6 meses Nuk 2 ud.,"Añadir
",https://www.carrefour.es/supermercado/bebe/cat20006/c?offset=432,,,,
1783,"
4,15 €","4,15 €/ud",Chupete anatómico con tetina de silicona 0-6 meses Suavinex 1 ud.,"Añadir
",https://www.carrefour.es/supermercado/bebe/cat20006/c?offset=432,,,,
1784,"
1,99 €","3,98 €/kg",Galletas para perro Pedigree Biscrock 500 g.,"Añadir
",https://www.carrefour.es/supermercado/mascotas/cat20007/c?offset=24,,,,
1785,"
3,80 €","0,95 €/kg",Pienso de pescado para gatos adultos Dream 4 Kg,"Añadir
",https://www.carrefour.es/supermercado/mascotas/cat20007/c?offset=24,,,,
1786,"
0,50 €",10 €/kg,Snacks sticks para perro Carrefour 5x10 g.,"Añadir
",https://www.carrefour.es/supermercado/mascotas/cat20007/c?offset=24,,,,
1787,"
7,15 €","7,01 €/kg",Comida húmeda mousse surtido para gato adulto Purina Gourmet Gold 12x85 g.,"Añadir
",https://www.carrefour.es/supermercado/mascotas/cat20007/c?offset=24,,,,
1788,"
0,55 €","1,83 €/kg",Comida húmeda de pavo con zanahorias para perros adultos Carrefour 300 g.,"Añadir
",https://www.carrefour.es/supermercado/mascotas/cat20007/c?offset=24,,,,
1789,"
15,35 €","5,12 €/kg",Ultima Pienso para Gato Esterilizado control bolas de Pelo Sabor Pavo 3kg.,Ver productos de la promoción,"Añadir
",https://www.carrefour.es/supermercado/mascotas/cat20007/c?offset=24,,,
1790,"
24,60 €","1,64 €/kg","Pienso de buey, cereales y verduras para perro adulto Purina Friskies 15 Kg.","Añadir
",https://www.carrefour.es/supermercado/mascotas/cat20007/c?offset=24,,,,
1791,"
5,95 €","3,97 €/kg","Pienso de pollo para perro adulto Mini Ultima 1,5 Kg.",Ver productos de la promoción,"Añadir
",https://www.carrefour.es/supermercado/mascotas/cat20007/c?offset=24,,,
1792,"
2,95 €","2,95 €/ud",Empapadores para Perros 60x60cm,"Añadir
",https://www.carrefour.es/supermercado/mascotas/cat20007/c?offset=48,,,,
1793,"
1,45 €","24,17 €/kg",Snacks de salmón para gatos Catisfactions 60 g.,"Añadir
",https://www.carrefour.es/supermercado/mascotas/cat20007/c?offset=48,,,,
1794,"
1,65 €","18,33 €/kg",Snack para perros Purina Adventuros nuggets 90 g.,Ver productos de la promoción,"Añadir
",https://www.carrefour.es/supermercado/mascotas/cat20007/c?offset=48,,,
1795,"
0,99 €",55 €/kg,Snack stick mini pollo con hierba para gato adulto Cat Stick 3 ud.,Ver productos de la promoción,"Añadir
",https://www.carrefour.es/supermercado/mascotas/cat20007/c?offset=48,,,
1796,"
2,45 €","0,31 €/ud",Snacks de pollo para perro Carrefour 8 unidades,"Añadir
",https://www.carrefour.es/supermercado/mascotas/cat20007/c?offset=48,,,,
1797,"
1,99 €","18,09 €/kg",Snacks dental para perros pequeños Pedigree Dentastix pack de 7 unidades,"Añadir
",https://www.carrefour.es/supermercado/mascotas/cat20007/c?offset=48,,,,
1798,"
0,55 €","1,83 €/kg",Comida húmeda de hígado de buey Carrefour 300 g.,"Añadir
",https://www.carrefour.es/supermercado/mascotas/cat20007/c?offset=48,,,,
1799,"
1,95 €","16,96 €/kg",Snacks dental para perro pequeño Purina Dentalife 115 g. 7 unidades,Ver productos de la promoción,"Añadir
",https://www.carrefour.es/supermercado/mascotas/cat20007/c?offset=48,,,
1800,"
24,60 €","1,64 €/kg",Pienso de aves y verduras para perro adulto Purina Friskies 15 Kg.,"Añadir
",https://www.carrefour.es/supermercado/mascotas/cat20007/c?offset=72,,,,
1801,"
24,60 €","1,64 €/kg",Pienso de pollo y verduras para perro adulto Purina Friskies Vitafit Complete 15 Kg.,"Añadir
",https://www.carrefour.es/supermercado/mascotas/cat20007/c?offset=72,,,,
1802,"
41,95 €","3,50 €/kg",Pienso de pollo para perro Medium Maxi Ultima 12 kg.,"Añadir
",https://www.carrefour.es/supermercado/mascotas/cat20007/c?offset=72,,,,
1803,"
13,75 €","0,57 €/ud",Comida húmeda tartelette surtido para gatos adulto Purina Gourmet Gold 24x85 g.,"Añadir
",https://www.carrefour.es/supermercado/mascotas/cat20007/c?offset=72,,,,
1804,"
7,15 €","6,80 €","7,01 €/kg
 | 
6,67 €/kg",Comida húmeda surtido de carne en salsa para gato adulto Purina Gourmet Gold 12x85 g,Ver productos de la promoción,"Añadir
",https://www.carrefour.es/supermercado/mascotas/cat20007/c?offset=72,,
1805,"
2,19 €","0,15 €/ud",Snack para perro Purina Friskies Picnic Variety 126 g.,Ver productos de la promoción,"Añadir
",https://www.carrefour.es/supermercado/mascotas/cat20007/c?offset=72,,,
1806,"
0,32 €","3,20 €/kg","Alimento Húmedo para Gatos de Conejo 100 gr, Carrefour","Añadir
",https://www.carrefour.es/supermercado/mascotas/cat20007/c?offset=72,,,,
1807,"
8,25 €","5,50 €/kg","Ultima Pienso para Gato Esterilizado control bolas de pelo Sabor Pavo 1,5kg.","Añadir
",https://www.carrefour.es/supermercado/mascotas/cat20007/c?offset=72,,,,
1808,"
7,10 €","0,89 €/l",Vitakraft Vegetal Clean Corn Lecho Higiénico 8l,"Añadir
",https://www.carrefour.es/supermercado/mascotas/cat20007/c?offset=96,,,,
1809,"
4,50 €",6 €/kg,"Aromatizante de Pino para Arena de Gato 750 gr, Carrefour","Añadir
",https://www.carrefour.es/supermercado/mascotas/cat20007/c?offset=96,,,,
1810,"
7,15 €","7,01 €/kg",Purina Gourmet Gold Comida Húmeda para Gato Mousse Pescado del Oceano 12x85 g.,"Añadir
",https://www.carrefour.es/supermercado/mascotas/cat20007/c?offset=96,,,,
1811,"
6,65 €","2,22 €/kg",Pienso de buey para perro adulto Mini Purina Friskies Menú 3 Kg.,"Añadir
",https://www.carrefour.es/supermercado/mascotas/cat20007/c?offset=96,,,,
1812,"
3,09 €","9,09 €/kg",Comida húmeda finas láminas de gelatina para gato adulto Purina Gourmet Perle 4x85 g.,"Añadir
",https://www.carrefour.es/supermercado/mascotas/cat20007/c?offset=96,,,,
1813,"
15,35 €","5,12 €/kg",Ultima Pienso para Gato Esterilizado Adulto +10 Sabor pollo 3kg.,Ver productos de la promoción,"Añadir
",https://www.carrefour.es/supermercado/mascotas/cat20007/c?offset=96,,,
1814,"
7,85 €","5,23 €/kg","Ultima Pienso para Gato Junior Sabor Pollo1,5kg.",Ver productos de la promoción,"Añadir
",https://www.carrefour.es/supermercado/mascotas/cat20007/c?offset=96,,,
1815,"
2,49 €","7,32 €/ud",Comida húmeda selección pescados en salsa para gatos Sheba Selezione pack de 4 unidades de 85 g.,"Añadir
",https://www.carrefour.es/supermercado/mascotas/cat20007/c?offset=96,,,,
1816,"
7,39 €","4,93 €/kg","Pienso de pollo para perro adulto Mini Ultima 1,5 Kg.",Ver productos de la promoción,"Añadir
",https://www.carrefour.es/supermercado/mascotas/cat20007/c?offset=120,,,
1817,"
0,99 €","0,99 €/ud",Carrefour Barritas para Periquitos con Frutas 2x30g,"Añadir
",https://www.carrefour.es/supermercado/mascotas/cat20007/c?offset=120,,,,
1818,"
1,45 €","1,45 €/ud",Snacks de buey para gatos Catisfactions 60 g.,"Añadir
",https://www.carrefour.es/supermercado/mascotas/cat20007/c?offset=120,,,,
1819,"
3,25 €","3,25 €/kg",Hanseaten Heno para Roedores 1Kg,"Añadir
",https://www.carrefour.es/supermercado/mascotas/cat20007/c?offset=120,,,,
1820,"
1,99 €","1,99 €/ud",Comida húmeda de pollo y buey con verduras en salsa para perro Pedigree pack de 4 unidades de 100 g.,"Añadir
",https://www.carrefour.es/supermercado/mascotas/cat20007/c?offset=120,,,,
1821,"
3,35 €","18,61 €/kg",Snacks de pollo para gatos Catisfactions 180 g.,"Añadir
",https://www.carrefour.es/supermercado/mascotas/cat20007/c?offset=120,,,,
1822,"
2,59 €","8,63 €/kg","Comida húmeda de pato, pollo y pavo para gato adulto Purina Gourmet Mon Petit 6x50g.","Añadir
",https://www.carrefour.es/supermercado/mascotas/cat20007/c?offset=120,,,,
1823,"
8,79 €","2,93 €/kg",Pienso de aves para gato Brekkies Delicious aves 3 Kg.,"Añadir
",https://www.carrefour.es/supermercado/mascotas/cat20007/c?offset=120,,,,
1824,"
1,65 €","13,75 €/kg",Sticks snacks para perros Purina Adventuros aroma a búfalo 120 g.,Ver productos de la promoción,"Añadir
",https://www.carrefour.es/supermercado/mascotas/cat20007/c?offset=144,,,
1825,"
1,82 €","6,07 €/kg",Comida húmeda de cordero y pollo para perro Pedigree 300 g.,"Añadir
",https://www.carrefour.es/supermercado/mascotas/cat20007/c?offset=144,,,,
1826,"
8,35 €","0,83 €/l",Vitakraft Vegetal Clean Papel Lecho Higiénico 10l,"Añadir
",https://www.carrefour.es/supermercado/mascotas/cat20007/c?offset=144,,,,
1827,"
0,99 €","18,33 €/kg",Snack stick mini pescado omega 3 para gato adulto Cat Stick 3 ud.,Ver productos de la promoción,"Añadir
",https://www.carrefour.es/supermercado/mascotas/cat20007/c?offset=144,,,
1828,"
4,99 €","4,16 €/kg",Comida húmeda selección aves en gelatina para gatos Whiskas pack de 12 unidades de 100 g.,"Añadir
",https://www.carrefour.es/supermercado/mascotas/cat20007/c?offset=144,,,,
1829,"
0,73 €","8,59 €/kg",Comida húmeda de mousse buey para gato adulto Purina Gourmet Gold 85 g.,"Añadir
",https://www.carrefour.es/supermercado/mascotas/cat20007/c?offset=144,,,,
1830,"
0,65 €","1,30 €/kg",Snoby Comida para Canarios 500g,"Añadir
",https://www.carrefour.es/supermercado/mascotas/cat20007/c?offset=144,,,,
1831,"
14,69 €","4,90 €/kg",Ultima Pienso para Gato Adulto Sabor salmón y arroz 3kg.,"Añadir
",https://www.carrefour.es/supermercado/mascotas/cat20007/c?offset=144,,,,
1832,"
2,05 €","17,08 €/kg",Snacks de buey y bacon para perro Pedigree Rodeo Duos 123 g.,"Añadir
",https://www.carrefour.es/supermercado/mascotas/cat20007/c?offset=168,,,,
1833,"
7,65 €","5,10 €/kg","Pienso de pavo y cereales para gato adulto de interior Purina ONE Bifensis 1,5 Kg","Añadir
",https://www.carrefour.es/supermercado/mascotas/cat20007/c?offset=168,,,,
1834,"
21,80 €","1,45 €/ud",Pienso para perro adulto Receta Tradicional Bon Menú 15 Kg.,"Añadir
",https://www.carrefour.es/supermercado/mascotas/cat20007/c?offset=168,,,,
1835,"
1,47 €","1,47 €/ud",Barritas con Verduras para Roedores,"Añadir
",https://www.carrefour.es/supermercado/mascotas/cat20007/c?offset=168,,,,
1836,"
3,10 €","6,20 €/kg",Heno Arómatico 500 gr,"Añadir
",https://www.carrefour.es/supermercado/mascotas/cat20007/c?offset=168,,,,
1837,"
14,69 €","4,90 €/kg",Ultima Pienso para Gato Adulto Sabor pollo y arroz 3kg.,"Añadir
",https://www.carrefour.es/supermercado/mascotas/cat20007/c?offset=168,,,,
1838,"
0,85 €","1,70 €/kg",Snoby Comida para Loros y Cotorras 500g,"Añadir
",https://www.carrefour.es/supermercado/mascotas/cat20007/c?offset=168,,,,
1839,"
8,79 €","2,93 €/kg",Brekkies Piensode pescado para gato Brekkies Delicious 3 Kg.,"Añadir
",https://www.carrefour.es/supermercado/mascotas/cat20007/c?offset=168,,,,
1840,"
2,90 €","2,90 €/kg",Carrefour Comida para Periquitos 1Kg,"Añadir
",https://www.carrefour.es/supermercado/mascotas/cat20007/c?offset=192,,,,
1841,"
41,95 €","3,50 €/kg",Pienso de buey para perro Medium Maxi Ultima 12 kg.,"Añadir
",https://www.carrefour.es/supermercado/mascotas/cat20007/c?offset=192,,,,
1842,"
41,95 €",3 €/kg,Pienso de pollo para perro golden & labrador Ultima Retriever 14 Kg.,"Añadir
",https://www.carrefour.es/supermercado/mascotas/cat20007/c?offset=192,,,,
1843,"
1,81 €","4,52 €/kg",Comida húmeda selección pescados en gelatina para gatos Whiskas pack de 4 unidades de 100 g.,"Añadir
",https://www.carrefour.es/supermercado/mascotas/cat20007/c?offset=192,,,,
1844,"
16,45 €","0,29 €/ud",Snacks dental para perros pequeños Pedigree Dentastix pack de 56 unidades,"Añadir
",https://www.carrefour.es/supermercado/mascotas/cat20007/c?offset=192,,,,
1845,"
15,09 €","5,03 €/kg",Pienso de pollo y trigo para gato adulto esterilizado Purina ONE Bifensis3 Kg,"Añadir
",https://www.carrefour.es/supermercado/mascotas/cat20007/c?offset=192,,,,
1846,"
0,73 €","8,59 €/kg",Comida húmeda de salmón para gato Purina Gourmet Gold mousse 85 g.,"Añadir
",https://www.carrefour.es/supermercado/mascotas/cat20007/c?offset=192,,,,
1847,"
0,73 €","8,59 €/kg",Comida húmeda de salmón y pollo en salsa para gato adulto Purina Gourmet Gold 85 g,"Añadir
",https://www.carrefour.es/supermercado/mascotas/cat20007/c?offset=192,,,,
1848,"
6,29 €","5,24 €/kg",Comida húmeda surtido de pescado y carne en gelatina para gato adulto Purina Felix Fantastic Selección Festín del Mar12x100 g,"Añadir
",https://www.carrefour.es/supermercado/mascotas/cat20007/c?offset=216,,,,
1849,"
1,65 €","18,33 €/kg",Snack para perros Purina Adventuros strips 90 g.,Ver productos de la promoción,"Añadir
",https://www.carrefour.es/supermercado/mascotas/cat20007/c?offset=216,,,
1850,"
1,82 €","6,07 €/kg",Comida húmeda de buey e hígado para perros Pedigree 300 g.,"Añadir
",https://www.carrefour.es/supermercado/mascotas/cat20007/c?offset=216,,,,
1851,"
7,45 €","4,97 €/kg","Pienso de salmón para perro adulto Mini Ultima Sensitive 1,5 g.",Ver productos de la promoción,"Añadir
",https://www.carrefour.es/supermercado/mascotas/cat20007/c?offset=216,,,
1852,"
7,25 €","2,42 €/kg",Pienso para perros Medium Maxi Tenderissimo Brekkies 3 Kg.,"Añadir
",https://www.carrefour.es/supermercado/mascotas/cat20007/c?offset=216,,,,
1853,"
8,95 €","7,16 €/kg","Pienso de pollo para gato adulto Ultima Nature 1,25 kg.","Añadir
",https://www.carrefour.es/supermercado/mascotas/cat20007/c?offset=216,,,,
1854,"
2,49 €","5,53 €/kg",Pienso de pollo y cereales para gato juniorPurina ONE Bifensis 450 g,"Añadir
",https://www.carrefour.es/supermercado/mascotas/cat20007/c?offset=216,,,,
1855,"
3,59 €","22,44 €/kg",Purina Gourmet Crystal Soup Comida para Gato Pollo Natural y Verduras 4x40g,"Añadir
",https://www.carrefour.es/supermercado/mascotas/cat20007/c?offset=216,,,,
1856,"
3,95 €","2,63 €/kg","Pienso para perros de razas pequeñas Carrefour 1,5 Kg","Añadir
",https://www.carrefour.es/supermercado/mascotas/cat20007/c?offset=240,,,,
1857,"
4,55 €","3,03 €/kg","Pienso de salmón para gato Dream Excellence 1,5 kg",Ver productos de la promoción,"Añadir
",https://www.carrefour.es/supermercado/mascotas/cat20007/c?offset=240,,,
1858,"
4,40 €","5,50 €/kg",Pienso de salmón para gato adulto esterilizado Ultima 800 g.,"Añadir
",https://www.carrefour.es/supermercado/mascotas/cat20007/c?offset=240,,,,
1859,"
1,95 €","16,96 €/kg",Snacks dental para perro mediano Purina Dentalife 115 g. 5 unidades,Ver productos de la promoción,"Añadir
",https://www.carrefour.es/supermercado/mascotas/cat20007/c?offset=240,,,
1860,"
1,99 €","15,31 €/kg",Snack de pollo y pato para perro Pedigree Tasty Mini 130 g.,"Añadir
",https://www.carrefour.es/supermercado/mascotas/cat20007/c?offset=240,,,,
1861,"
2,95 €","16,39 €/kg",Snacks dental para perros medianos Pedigree Dentastix pack de 7 unidades,"Añadir
",https://www.carrefour.es/supermercado/mascotas/cat20007/c?offset=240,,,,
1862,"
4,15 €","5,19 €/kg",Pienso de pavo y arroz para gato adulto digestión sensible Purina ONE Bifensis 800 g,"Añadir
",https://www.carrefour.es/supermercado/mascotas/cat20007/c?offset=240,,,,
1863,"
0,73 €","8,59 €/kg",Comida húmeda de mousse pollo para gato adulto Purina Gourmet Gold 85 g.,"Añadir
",https://www.carrefour.es/supermercado/mascotas/cat20007/c?offset=240,,,,
1864,"
1,15 €","0,38 €/ud",Snackmini pato para Gato Vitakraaft 3 ud.,Ver productos de la promoción,"Añadir
",https://www.carrefour.es/supermercado/mascotas/cat20007/c?offset=264,,,
1865,"
2,99 €","0,60 €/ud",Snacks de pollo para perro Quérico 5 unidades,"Añadir
",https://www.carrefour.es/supermercado/mascotas/cat20007/c?offset=264,,,,
1866,"
7,95 €","7,95 €/ud",Bolsa con Cierre para Arenero de Gatos,"Añadir
",https://www.carrefour.es/supermercado/mascotas/cat20007/c?offset=264,,,,
1867,"
8,45 €","0,35 €/ud",Snack dental para perro mediano Purina Dentalife Multipack 24 unidades,Ver productos de la promoción,"Añadir
",https://www.carrefour.es/supermercado/mascotas/cat20007/c?offset=264,,,
1868,"
3,10 €","54,39 €/kg",Comida húmeda de mousse con salmón para gato adulto Purina Gourmet 4x57 g.,"Añadir
",https://www.carrefour.es/supermercado/mascotas/cat20007/c?offset=264,,,,
1869,"
4,15 €","6,92 €/kg",Comida húmeda selección recetas de la huerta para perro Cesar pack de 4 unidades de 150 g.,Ver productos de la promoción,"Añadir
",https://www.carrefour.es/supermercado/mascotas/cat20007/c?offset=264,,,
1870,"
1,99 €","4,97 €/kg",Comida húmeda surtido pescado y carne en gelatina para gato junior Purina Felix Agail Junior Fantastic Selecciones Favoritas 4x100 g,"Añadir
",https://www.carrefour.es/supermercado/mascotas/cat20007/c?offset=264,,,,
1871,"
2,99 €","8,79 €/kg",Comida húmeda de salmón y pavo para gatos Purina One Esterilizados 4x85 g.,"Añadir
",https://www.carrefour.es/supermercado/mascotas/cat20007/c?offset=264,,,,
1872,"
7,65 €","5,10 €/kg","Pienso de pollo y cereales para gato adulto Purina ONE Bifensis 1,5 Kg","Añadir
",https://www.carrefour.es/supermercado/mascotas/cat20007/c?offset=288,,,,
1873,"
1,99 €","22,61 €/kg",Snacks de buey para perro mediano Pedigree Good Chew 88 g.,"Añadir
",https://www.carrefour.es/supermercado/mascotas/cat20007/c?offset=288,,,,
1874,"
27,25 €","3,89 €/kg",Pienso de pollo y arroz para perro adulto Medium Maxi Ultima 7Kg.,Ver productos de la promoción,"Añadir
",https://www.carrefour.es/supermercado/mascotas/cat20007/c?offset=288,,,
1875,"
13,25 €","0,25 €/ud",Snacks dental para perro pequeño Purina Dentalife Multipack 54 unidades,Ver productos de la promoción,"Añadir
",https://www.carrefour.es/supermercado/mascotas/cat20007/c?offset=288,,,
1876,"
0,73 €","8,59 €/kg",Comida húmeda de atún para gato adulto Purina Gourmet Gold Fondant 85 g.,"Añadir
",https://www.carrefour.es/supermercado/mascotas/cat20007/c?offset=288,,,,
1877,"
1,60 €","26,67 €/kg",Snack Gatos Delicias de Leche Purina Felix 60 grs,"Añadir
",https://www.carrefour.es/supermercado/mascotas/cat20007/c?offset=288,,,,
1878,"
1,85 €","1,85 €/ud",Carrefour Barritas para Periquitos y Loros con Frutas y Nueces 2x70g,"Añadir
",https://www.carrefour.es/supermercado/mascotas/cat20007/c?offset=288,,,,
1879,"
3,45 €","0,86 €/kg",Pienso de pollo y arroz para perros cachorros Dream 4 Kg.,"Añadir
",https://www.carrefour.es/supermercado/mascotas/cat20007/c?offset=288,,,,
1880,"
2,95 €","2,95 €/ud",Snack hueso prensado de buey para perro Carrefour 21 Cm,"Añadir
",https://www.carrefour.es/supermercado/mascotas/cat20007/c?offset=312,,,,
1881,"
1,81 €","6,03 €/kg",Comida húmeda de ternera y aves para perros senior Pedigree 300 g.,"Añadir
",https://www.carrefour.es/supermercado/mascotas/cat20007/c?offset=312,,,,
1882,"
0,95 €","52,78 €/kg",Snack para perros Vitakraft Beef Burguer 18 g.,Ver productos de la promoción,"Añadir
",https://www.carrefour.es/supermercado/mascotas/cat20007/c?offset=312,,,
1883,"
0,95 €","27,14 €/kg",Bloque de Calcio para Tortugas,"Añadir
",https://www.carrefour.es/supermercado/mascotas/cat20007/c?offset=312,,,,
1884,"
0,65 €","1,62 €/kg",Comida húmeda de buey para perro adulto Carrefour 400 g.,"Añadir
",https://www.carrefour.es/supermercado/mascotas/cat20007/c?offset=312,,,,
1885,"
0,59 €","6,94 €/kg",Comida húmeda de pavo con salsa de queso para gato adulto Poesie 85 g.,"Añadir
",https://www.carrefour.es/supermercado/mascotas/cat20007/c?offset=312,,,,
1886,"
0,59 €","6,94 €/kg",Comida húmeda mousse de salmón para gato adulto Poesie 85 g.,"Añadir
",https://www.carrefour.es/supermercado/mascotas/cat20007/c?offset=312,,,,
1887,"
5,89 €","3,93 €/kg","Pienso de pollo y arroz para perro adulto Mini Purina One Active 1,5 Kg.","Añadir
",https://www.carrefour.es/supermercado/mascotas/cat20007/c?offset=312,,,,
1888,"
5,79 €","1,93 €/kg",Pienso de aves y verduras para perro adulto Purina Friskies 3 Kg.,"Añadir
",https://www.carrefour.es/supermercado/mascotas/cat20007/c?offset=336,,,,
1889,"
4,89 €","7,19 €/kg",Comida húmeda surtido de carne para gato adulto Purina Gourmet Gold Doble Placer 8x85 g,"Añadir
",https://www.carrefour.es/supermercado/mascotas/cat20007/c?offset=336,,,,
1890,"
0,95 €","11,18 €/kg",Alimento Gato Mousse de Salmón Beyond Grain Free Tarrina 85 grs,"Añadir
",https://www.carrefour.es/supermercado/mascotas/cat20007/c?offset=336,,,,
1891,"
2,99 €","9,97 €/kg",Snack de bacon para perros Brekkies 300 g.,"Añadir
",https://www.carrefour.es/supermercado/mascotas/cat20007/c?offset=336,,,,
1892,"
3,49 €","13,96 €/l",Champú 2en1 para perro Carrefour 250 Ml,"Añadir
",https://www.carrefour.es/supermercado/mascotas/cat20007/c?offset=336,,,,
1893,"
2,15 €","2,15 €/ud",Pelota de tenis para perros Vitakraft,"Añadir
",https://www.carrefour.es/supermercado/mascotas/cat20007/c?offset=336,,,,
1894,"
7,85 €","5,23 €/kg","Ultima Pienso para Gato Adulto Sabor salmón y arroz 1,5kg",Ver productos de la promoción,"Añadir
",https://www.carrefour.es/supermercado/mascotas/cat20007/c?offset=336,,,
1895,"
3,15 €","3,15 €/kg",Menu para Cobaya 1 kg Vitakraft,"Añadir
",https://www.carrefour.es/supermercado/mascotas/cat20007/c?offset=336,,,,
1896,"
0,95 €","11,18 €/kg",Alimento Gato Mousse de Pollo Beyond Grain Free Tarrina 85 grs,"Añadir
",https://www.carrefour.es/supermercado/mascotas/cat20007/c?offset=360,,,,
1897,"
1,88 €","1,88 €/kg",Barra Pollo relleno de Arroz Zanahoria Perrynat 1 Kg,"Añadir
",https://www.carrefour.es/supermercado/mascotas/cat20007/c?offset=360,,,,
1898,"
5,29 €","5,29 €/ud",Comida para agaponis Vitakraft 750 g,"Añadir
",https://www.carrefour.es/supermercado/mascotas/cat20007/c?offset=360,,,,
1899,"
2,90 €","2,90 €/kg",Carrefour Comida para Canarios 1Kg,"Añadir
",https://www.carrefour.es/supermercado/mascotas/cat20007/c?offset=360,,,,
1900,"
1,65 €","0,82 €/kg",Carrefour Perlas de Anís 2Kg,"Añadir
",https://www.carrefour.es/supermercado/mascotas/cat20007/c?offset=360,,,,
1901,"
3,39 €","3,39 €/kg",Vitakraft Menú para Conejos Enanos 1Kg,"Añadir
",https://www.carrefour.es/supermercado/mascotas/cat20007/c?offset=360,,,,
1902,"
1,40 €","0,70 €/ud",Barritas para Canarios Vitakraft Fruta 2 Uds,"Añadir
",https://www.carrefour.es/supermercado/mascotas/cat20007/c?offset=360,,,,
1903,"
8,75 €",7 €/kg,"Pienso de cordero para perro adulto mini Ultima Nature 1,25 Kg.","Añadir
",https://www.carrefour.es/supermercado/mascotas/cat20007/c?offset=360,,,,
1904,"
0,99 €","16,50 €/kg",Snack Vitakraft Trio Mix Gatos 60 gr,"Añadir
",https://www.carrefour.es/supermercado/mascotas/cat20007/c?offset=384,,,,
1905,"
0,65 €","1,62 €/kg",Comida húmeda de pollo para perro adulto Carrefour 400 g.,"Añadir
",https://www.carrefour.es/supermercado/mascotas/cat20007/c?offset=384,,,,
1906,"
0,95 €","9,50 €/kg",Snack para perros cachorros y Senior Carrefour 100 g.,"Añadir
",https://www.carrefour.es/supermercado/mascotas/cat20007/c?offset=384,,,,
1907,"
3,10 €","54,39 €/kg",Comida húmeda sabor carne para gato adulto Purina Gourmet 4x57 g.,"Añadir
",https://www.carrefour.es/supermercado/mascotas/cat20007/c?offset=384,,,,
1908,"
3,09 €","3,86 €/kg",Pienso de buey y arroz para perro adulto Mini Purina One 800 g.,"Añadir
",https://www.carrefour.es/supermercado/mascotas/cat20007/c?offset=384,,,,
1909,"
6,65 €","4,43 €/kg","Snacks de tuétano para perros Pedigree Markies 1,5 kg.","Añadir
",https://www.carrefour.es/supermercado/mascotas/cat20007/c?offset=384,,,,
1910,"
1,15 €","7,67 €/kg",Comida Húmeda de pavo y ternera para perro cachorro Cesar 150 g.,"Añadir
",https://www.carrefour.es/supermercado/mascotas/cat20007/c?offset=384,,,,
1911,"
6,79 €","4,85 €/kg","Pienso esterilizado de pollo para gatos Perfet Fit 1,4 kg.","Añadir
",https://www.carrefour.es/supermercado/mascotas/cat20007/c?offset=384,,,,
1912,"
2,59 €","1,29 €/ud",Barritas de miel para hamster Vitakraft 2 ud.,"Añadir
",https://www.carrefour.es/supermercado/mascotas/cat20007/c?offset=408,,,,
1913,"
3,95 €","3,95 €/ud",Collar antiparasitario marrón oscuro Dixie ,"Añadir
",https://www.carrefour.es/supermercado/mascotas/cat20007/c?offset=408,,,,
1914,"
4 €",4 €/ud,Collar insecticida para perro blanco Dixie,"Añadir
",https://www.carrefour.es/supermercado/mascotas/cat20007/c?offset=408,,,,
1915,"
1,99 €","1,99 €/ud",2 Bolas de Plástico y 2 Bolas de Goma para Gato Vitalkraft,"Añadir
",https://www.carrefour.es/supermercado/mascotas/cat20007/c?offset=408,,,,
1916,"
1,75 €",25 €/kg,Crema de Leche Vitakraft con Queso para Gatos 70gr,Ver productos de la promoción,"Añadir
",https://www.carrefour.es/supermercado/mascotas/cat20007/c?offset=408,,,
1917,"
14,79 €","4,93 €/kg",Pienso de pollo para perro adulto medium maxi Ultima Nature 3 Kg.,"Añadir
",https://www.carrefour.es/supermercado/mascotas/cat20007/c?offset=408,,,,
1918,"
0,59 €","6,94 €/kg","Comida húmeda de caza, arandanos y hierba para gato adulto Poesie 85 g.","Añadir
",https://www.carrefour.es/supermercado/mascotas/cat20007/c?offset=408,,,,
1919,"
1,15 €","7,67 €/kg",Comida húmeda de pollo y verduras para perro Cesar Recetas de la Huerta 150 g.,"Añadir
",https://www.carrefour.es/supermercado/mascotas/cat20007/c?offset=408,,,,
1920,"
9,45 €","13,12 €/kg",Snacks dental para perros medianos Brekkies Total Dent 28 unidades,"Añadir
",https://www.carrefour.es/supermercado/mascotas/cat20007/c?offset=432,,,,
1921,"
2,35 €","1,17 €/kg","Nutricroquetas para Gato 2 Kg, Carrefour","Añadir
",https://www.carrefour.es/supermercado/mascotas/cat20007/c?offset=432,,,,
1922,"
2,25 €","0,37 €/ud",Ratones Felpa para Gato Vitakraft For You 6 Uds,"Añadir
",https://www.carrefour.es/supermercado/mascotas/cat20007/c?offset=432,,,,
1923,"
20,95 €",20950 €/ud,Vegetal Clean Papel Vitakraft25 litros,"Añadir
",https://www.carrefour.es/supermercado/mascotas/cat20007/c?offset=432,,,,
1924,"
9,95 €","9,95 €/ud",Arenero con Borde Protector para Gatos,"Añadir
",https://www.carrefour.es/supermercado/mascotas/cat20007/c?offset=432,,,,
1925,"
1,99 €","6,63 €/kg",Comida húmeda de buey y verduras para perro Cesar Recetas de la Huerta 300 g.,"Añadir
",https://www.carrefour.es/supermercado/mascotas/cat20007/c?offset=432,,,,
1926,"
1,85 €","4,62 €/kg",Comida húmeda selección aves en gelatina para gatos Whiskas pack de 4 unidades de 100 g.,"Añadir
",https://www.carrefour.es/supermercado/mascotas/cat20007/c?offset=432,,,,
1927,"
14,95 €","1,50 €/kg",Pienso para perro adulto Bon Menú Receta Tradicional 10 Kg.,"Añadir
",https://www.carrefour.es/supermercado/mascotas/cat20007/c?offset=432,,,,
1928,"
3,15 €","2,69 €","9,26 €/kg
 | 
7,91 €/kg",Ultima Nature Gato Wet Multipack Buey y Pavo 4 x 85 grs,Ver productos de la promoción,"Añadir
",https://www.carrefour.es/supermercado/mascotas/cat20007/c?offset=456,,
1929,"
3,15 €","2,69 €","9,26 €/kg
 | 
7,91 €/kg",Ultima Nature Gato Wet Multipack Pouch Pollo y Aves 4 x 85 grs,Ver productos de la promoción,"Añadir
",https://www.carrefour.es/supermercado/mascotas/cat20007/c?offset=456,,
1930,"
3,15 €","2,69 €","9,26 €/kg
 | 
7,91 €/kg",Ultima Nature Gato Wet Multipack Puoch Salmón y Trucha 4x85 grs,Ver productos de la promoción,"Añadir
",https://www.carrefour.es/supermercado/mascotas/cat20007/c?offset=456,,
1931,"
3 €","3,75 €/kg",Pienso de pollo Esterilizado para gato senior esterilizado Ultima Cat 800 g,"Añadir
",https://www.carrefour.es/supermercado/mascotas/cat20007/c?offset=456,,,,
1932,"
3,05 €","3,05 €/ud",Snack para perro Vitakraft panza seca,Ver productos de la promoción,"Añadir
",https://www.carrefour.es/supermercado/mascotas/cat20007/c?offset=456,,,
1933,"
1,95 €","1,95 €/ud",Caña de Pescar para Gato Vitakraft con Ratón,"Añadir
",https://www.carrefour.es/supermercado/mascotas/cat20007/c?offset=456,,,,
1934,"
6,50 €","2,17 €/kg",Pienso para cachorros hipoalergénico grain free dream instinct 3Kg,"Añadir
",https://www.carrefour.es/supermercado/mascotas/cat20007/c?offset=456,,,,
1935,"
8,25 €","5,50 €/kg","Ultima Natura Pienso para Gato Esterilizado y Tracto Urinario de Pollo y Verduras 1,5Kg","Añadir
",https://www.carrefour.es/supermercado/mascotas/cat20007/c?offset=456,,,,
1936,"
8,25 €","5,50 €/kg","Pienso Esterilizado para Gatos Adultos de Pelos Bola Trucha Ultima Cat 1,5 kg","Añadir
",https://www.carrefour.es/supermercado/mascotas/cat20007/c?offset=480,,,,
1937,"
7,49 €","10,70 €/kg",Pienso de salmón para perro bio Ultima Nature Dog 700 g. ,"Añadir
",https://www.carrefour.es/supermercado/mascotas/cat20007/c?offset=480,,,,
1938,"
4,69 €","11,72 €/kg",Pienso de pollo para gato bio Ultima Nature Cat 400 g.,"Añadir
",https://www.carrefour.es/supermercado/mascotas/cat20007/c?offset=480,,,,
1939,"
0,59 €","6,94 €/kg",Comida de húmeda de gelatina con salmón y espinacas para gato adulto 85 g.,"Añadir
",https://www.carrefour.es/supermercado/mascotas/cat20007/c?offset=480,,,,
1940,"
5,79 €","1,93 €/kg","Pienso de buey, cereales y verduras para perro adulto Purina Friskies 3 Kg.","Añadir
",https://www.carrefour.es/supermercado/mascotas/cat20007/c?offset=480,,,,
1941,"
16,65 €","1,66 €/kg","Pienso de buey, cereales y verduras para perro adulto Purina Friskies 10 Kg.","Añadir
",https://www.carrefour.es/supermercado/mascotas/cat20007/c?offset=480,,,,
1942,"
12,19 €","4,06 €/kg",Pienso de pollo y arroz para perro cachorros Medium Ultima 3 Kg.,"Añadir
",https://www.carrefour.es/supermercado/mascotas/cat20007/c?offset=480,,,,
1943,"
3,59 €","3,59 €/kg",Vitakraft Menú para Cotorras 1Kg,"Añadir
",https://www.carrefour.es/supermercado/mascotas/cat20007/c?offset=480,,,,
1944,"
7,49 €","10,70 €/kg",Pienso de pollo para perro bio Ultima Nature Dog 700g.,"Añadir
",https://www.carrefour.es/supermercado/mascotas/cat20007/c?offset=504,,,,
1945,"
7,45 €","2,48 €/kg",Pienso de pollo para perro mediano.grande Dream Excellence 3 kg,Ver productos de la promoción,"Añadir
",https://www.carrefour.es/supermercado/mascotas/cat20007/c?offset=504,,,
1946,"
2,99 €","11,96 €/l",Comida peces tropicales Vitakraft 250 ml,"Añadir
",https://www.carrefour.es/supermercado/mascotas/cat20007/c?offset=504,,,,
1947,"
4,49 €","4,49 €/ud",Collar insectifugo para perro marrón Dixie,"Añadir
",https://www.carrefour.es/supermercado/mascotas/cat20007/c?offset=504,,,,
1948,"
1,95 €","97,50 €/kg",Vitakraft Catnip Natural Gatos 20 gr,Ver productos de la promoción,"Añadir
",https://www.carrefour.es/supermercado/mascotas/cat20007/c?offset=504,,,
1949,"
3,95 €","19,75 €/kg",Hueso Antisarropara Perros Braky200g,"Añadir
",https://www.carrefour.es/supermercado/mascotas/cat20007/c?offset=504,,,,
1950,"
6,95 €","2,32 €/kg","Pienso con aves, verduras y cereales para perro adulto Brekkies Delicious 3 Kg.","Añadir
",https://www.carrefour.es/supermercado/mascotas/cat20007/c?offset=504,,,,
1951,"
11,65 €","3,88 €/kg",Pienso de buey y arroz para perro Mini Purina One 3 Kg.,"Añadir
",https://www.carrefour.es/supermercado/mascotas/cat20007/c?offset=504,,,,
1952,"
1,55 €","3,10 €/kg",Copos Carpines Dorados 50 gr,"Añadir
",https://www.carrefour.es/supermercado/mascotas/cat20007/c?offset=528,,,,
1953,"
3,49 €","13,96 €/l",Champú anticaída para perro Carrefour 250 Ml,"Añadir
",https://www.carrefour.es/supermercado/mascotas/cat20007/c?offset=528,,,,
1954,"
5,90 €","7,87 €/kg",Menú ProVita Agapornis 750 gr Vitakraft,"Añadir
",https://www.carrefour.es/supermercado/mascotas/cat20007/c?offset=528,,,,
1955,"
12,79 €","12,79 €/l",Tetragammarus 1 L,"Añadir
",https://www.carrefour.es/supermercado/mascotas/cat20007/c?offset=528,,,,
1956,"
1,75 €","3,50 €/kg",Menú para Canarios Vitakraft 500 gr,"Añadir
",https://www.carrefour.es/supermercado/mascotas/cat20007/c?offset=528,,,,
1957,"
3,79 €","145,77 €/kg",Tetrareptomin Joven 100 ml,"Añadir
",https://www.carrefour.es/supermercado/mascotas/cat20007/c?offset=528,,,,
1958,"
2,95 €","2,46 €/kg","Comida para Herbívoros 1,2 kg","Añadir
",https://www.carrefour.es/supermercado/mascotas/cat20007/c?offset=528,,,,
1959,"
4,75 €","4,75 €/ud",Champú espuma seca para gatos SanDimas 200 ml,"Añadir
",https://www.carrefour.es/supermercado/mascotas/cat20007/c?offset=528,,,,
1960,"
7 €",7 €/kg,Vitakraft Arena para Chinchilla Sandy 1Kg,"Añadir
",https://www.carrefour.es/supermercado/mascotas/cat20007/c?offset=552,,,,
1961,"
5,95 €","59,50 €/l",Tetra Crystalwater 100 ml,"Añadir
",https://www.carrefour.es/supermercado/mascotas/cat20007/c?offset=552,,,,
1962,"
2,50 €","3,12 €/kg",Carrefour Comida para Chinchillas 800g,"Añadir
",https://www.carrefour.es/supermercado/mascotas/cat20007/c?offset=552,,,,
1963,"
21,95 €","21,95 €/ud",Pipetas Permetrina flebotomos 6X1 ml perro + 15KG,"Añadir
",https://www.carrefour.es/supermercado/mascotas/cat20007/c?offset=552,,,,
1964,"
11,99 €","11,99 €/ud",Correa para perros extensible flexi standard Small 5M,"Añadir
",https://www.carrefour.es/supermercado/mascotas/cat20007/c?offset=552,,,,
1965,"
4,15 €","5,53 €/kg",Pienso de salmón y arroz para gato fácil digestión Ultima Cat 750 g.,"Añadir
",https://www.carrefour.es/supermercado/mascotas/cat20007/c?offset=552,,,,
1966,"
27,25 €","3,89 €/kg","Pienso de cordero, cereales, verduras y frutas para perro adulto medium maxi Ultima Nature7 Kg.",Ver productos de la promoción,"Añadir
",https://www.carrefour.es/supermercado/mascotas/cat20007/c?offset=552,,,
1967,"
27,25 €","3,89 €/kg","Pienso de pollo, cereales, verduras y frutas para perros adultos Ultima Nature Medium Maxi 7 Kg.",Ver productos de la promoción,"Añadir
",https://www.carrefour.es/supermercado/mascotas/cat20007/c?offset=552,,,
1968,"
3,95 €","3,95 €/ud","Pipeta Contra Insectos para Gato Carrefour 3x0,6 ml","Añadir
",https://www.carrefour.es/supermercado/mascotas/cat20007/c?offset=576,,,,
1969,"
7,95 €","7,95 €/ud",Peine cortanudos para perro Spayk,"Añadir
",https://www.carrefour.es/supermercado/mascotas/cat20007/c?offset=576,,,,
1970,"
7,95 €","15,90 €/l",Tetragammarus 500 ml,"Añadir
",https://www.carrefour.es/supermercado/mascotas/cat20007/c?offset=576,,,,
1971,"
14,39 €","4,80 €/kg",Pienso de pollo para perro Senior Mini Ultima 3 Kg.,"Añadir
",https://www.carrefour.es/supermercado/mascotas/cat20007/c?offset=576,,,,
1972,"
8,89 €","8,72 €/kg",Ultima Nature Comida Húmeda para Gato Multipack Variedades de Carne 12x85 grs,"Añadir
",https://www.carrefour.es/supermercado/mascotas/cat20007/c?offset=576,,,,
1973,"
3,59 €","3,59 €/kg",Menú para Loros Vitakraft 1 Kg,"Añadir
",https://www.carrefour.es/supermercado/mascotas/cat20007/c?offset=576,,,,
1974,"
22,90 €","3,27 €/ud",Pipetas insectífugas para perro grande Dixie pack de 7 unidades de 2 Ml,"Añadir
",https://www.carrefour.es/supermercado/mascotas/cat20007/c?offset=576,,,,
1975,"
4,50 €","0,15 €/l",Paja Vitakraft 30L,"Añadir
",https://www.carrefour.es/supermercado/mascotas/cat20007/c?offset=576,,,,
1976,"
9,75 €","3,25 €/ud",Pipeta repelente con extracto de margosa para perros de menos de 15 kg,"Añadir
",https://www.carrefour.es/supermercado/mascotas/cat20007/c?offset=600,,,,
1977,"
16,59 €","2,76 €/ud",Pipeta repelente con extracto de margosa para perros de más de 30 kg,"Añadir
",https://www.carrefour.es/supermercado/mascotas/cat20007/c?offset=600,,,,
1978,"
14,69 €","5,44 €/kg","Pienso de pavo fresco, verduras y frutas para perro adulto medium maxi Ultima Nature No Grain2,7 Kg.","Añadir
",https://www.carrefour.es/supermercado/mascotas/cat20007/c?offset=600,,,,
1979,"
4,95 €","6,60 €/ud",Menú Provita para Loros 750 gr Vita,"Añadir
",https://www.carrefour.es/supermercado/mascotas/cat20007/c?offset=600,,,,
1980,"
3,95 €",3950 €/ud,"Pipeta Contra Insectos para Perro Mediano/ Grande Carrefour 3x1,5 ml","Añadir
",https://www.carrefour.es/supermercado/mascotas/cat20007/c?offset=600,,,,
1981,"
12,19 €","12,19 €/l",Vitakraft Menu Iguanas Turtle Special 1l,"Añadir
",https://www.carrefour.es/supermercado/mascotas/cat20007/c?offset=600,,,,
1982,"
4,79 €","47,90 €/l",Tetra Plantamin 100 ml,"Añadir
",https://www.carrefour.es/supermercado/mascotas/cat20007/c?offset=600,,,,
1983,"
4 €",4 €/ud,Barritas para Loro Africano Vitakraft Miel,"Añadir
",https://www.carrefour.es/supermercado/mascotas/cat20007/c?offset=600,,,,
1984,"
14,59 €","1,46 €/100ml",Enjuague bucal Gingilacer 1000 ml.,"Añadir
",https://www.carrefour.es/supermercado/parafarmacia/cat20008/c?offset=24,,,,
1985,"
7,75 €","1,55 €/100ml",Colutorio previene sangrado gingival Gingilacer 500 ml.,"Añadir
",https://www.carrefour.es/supermercado/parafarmacia/cat20008/c?offset=24,,,,
1986,"
4,69 €","0,16 €/ud",Tabletas limpiadoras para prótesis dentales acción desinfectante con oxígeno activo Polident 30 ud.,"Añadir
",https://www.carrefour.es/supermercado/parafarmacia/cat20008/c?offset=24,,,,
1987,"
7,29 €","0,36 €/100ml",Gel dermatológico ph 5.5 con colágeno y lipo-proteinas Inibsa pack de 2 unidades de 1 l.,"Añadir
",https://www.carrefour.es/supermercado/parafarmacia/cat20008/c?offset=24,,,,
1988,"
0,99 €","4,21 €/kg",Tarrito de menestra de cordero desde 6 meses Nutribén 235 g.,"Añadir
",https://www.carrefour.es/supermercado/parafarmacia/cat20008/c?offset=24,,,,
1989,"
8,55 €","3,42 €/100ml",Dentífrico con flúor anti-caries sabor menta Bi-Fluoré 250 mg Fluocaril pack de 2 unidades de 150 ml.,"Añadir
",https://www.carrefour.es/supermercado/parafarmacia/cat20008/c?offset=24,,,,
1990,"
9,39 €","6,26 €/100ml",Dentífrico para el cuidado de las encias herbal fresh Parodontax pack de 2 unidades de 75 ml.,Ver productos de la promoción,"Añadir
",https://www.carrefour.es/supermercado/parafarmacia/cat20008/c?offset=24,,,
1991,"
5,89 €","1,18 €/100ml",Colutorio flúor sabor fresa uso díario Lacer 500 ml.,"Añadir
",https://www.carrefour.es/supermercado/parafarmacia/cat20008/c?offset=24,,,,
1992,"
9,39 €","6,26 €/100ml",Dentífrico para el cuidado de las encías original menta y jengibre Parodontax pack de 2 unidades de 75 ml.,Ver productos de la promoción,"Añadir
",https://www.carrefour.es/supermercado/parafarmacia/cat20008/c?offset=48,,,
1993,"
1,90 €","3,80 €/100ml",Solucion acuosa clorhexidina 2% en spray antiséptico para piel sana Carrefour 50 ml.,"Añadir
",https://www.carrefour.es/supermercado/parafarmacia/cat20008/c?offset=48,,,,
1994,"
5,09 €","4,07 €/100ml",Dentífrico anti-caries sabor menta Bi-Fluoré 250 Fluocaril 125 ml.,"Añadir
",https://www.carrefour.es/supermercado/parafarmacia/cat20008/c?offset=48,,,,
1995,"
4,39 €","0,73 €/ud",Cepillo dental interdentales extrafino Lacer 6 ud.,"Añadir
",https://www.carrefour.es/supermercado/parafarmacia/cat20008/c?offset=48,,,,
1996,"
7,65 €","1,53 €/100ml",Colutorio diario para el cuidado de encías Parodontax 500 ml.,Ver productos de la promoción,"Añadir
",https://www.carrefour.es/supermercado/parafarmacia/cat20008/c?offset=48,,,
1997,"
12,29 €","1,23 €/100ml",Enjuague bucal formula avanzada Lacer 1000 ml.,"Añadir
",https://www.carrefour.es/supermercado/parafarmacia/cat20008/c?offset=48,,,,
1998,"
1,55 €","0,08 €/ud",Tiras adhesivas para pieles sensibles transpirables Carrefour Soft 20 ud.,"Añadir
",https://www.carrefour.es/supermercado/parafarmacia/cat20008/c?offset=48,,,,
1999,"
1,82 €","0,36 €/m","Esparadrapo tejido sin tejer hipoalergénico 5 m x 2,5 cm Dr. Sos 1 ud.","Añadir
",https://www.carrefour.es/supermercado/parafarmacia/cat20008/c?offset=48,,,,
2000,"
2,09 €","2,49 €/100g",Vitamina C + Zinc sabor limón en comprimidos efervescentes Optiform sin gluten sin lactosa 20 ud.,Sin gluten,Sin lactosa,"Añadir
",https://www.carrefour.es/supermercado/parafarmacia/cat20008/c?offset=72,,
2001,"
14,99 €",3 €/100ml,Champú anticaída Pilexil 500 ml.,"Añadir
",https://www.carrefour.es/supermercado/parafarmacia/cat20008/c?offset=72,,,,
2002,"
7,09 €","4,73 €/100ml",Dentífrico blanqueador Fluocaril pack de 2 unidades de 75 ml.,"Añadir
",https://www.carrefour.es/supermercado/parafarmacia/cat20008/c?offset=72,,,,
2003,"
0,99 €","4,21 €/kg",Tarrrito de ternera con judías verdes y zanahorias desde 6 meses Nutribén 235 g.,"Añadir
",https://www.carrefour.es/supermercado/parafarmacia/cat20008/c?offset=72,,,,
2004,"
0,99 €","4,21 €/kg",Tarrito de guiso de pollo y ternera con judías verdes desde 6 meses Nutribén 235 g.,"Añadir
",https://www.carrefour.es/supermercado/parafarmacia/cat20008/c?offset=72,,,,
2005,"
7,09 €","3,54 €/ud",Seda dental con cera Vitis 2 x 50 m.,"Añadir
",https://www.carrefour.es/supermercado/parafarmacia/cat20008/c?offset=72,,,,
2006,"
6,95 €","6,95 €/100ml",Dentífrico blanqueadora Vitis 100 ml.,"Añadir
",https://www.carrefour.es/supermercado/parafarmacia/cat20008/c?offset=72,,,,
2007,"
7,49 €","0,21 €/ud",Tableta limpiadora ortodoncias y férulas Corega 36 ud.,Ver productos de la promoción,"Añadir
",https://www.carrefour.es/supermercado/parafarmacia/cat20008/c?offset=72,,,
2008,"
11,69 €","1,17 €/100ml",Colutorio aloe vera Vitis 1000 ml.,"Añadir
",https://www.carrefour.es/supermercado/parafarmacia/cat20008/c?offset=96,,,,
2009,"
6,95 €","17,37 €/100ml","Crema para el cuidado facial, cuello y escote Xhekpon 40 ml. ","Añadir
",https://www.carrefour.es/supermercado/parafarmacia/cat20008/c?offset=96,,,,
2010,"
0,99 €","4,21 €/kg","Tarrito de manzana, naranja y plátano con galleta desde 6 meses Nutribén 250 g.","Añadir
",https://www.carrefour.es/supermercado/parafarmacia/cat20008/c?offset=96,,,,
2011,"
2,35 €","0,09 €/ud",Compresa tocológica de celulosa grande Maternity 25 ud.,"Añadir
",https://www.carrefour.es/supermercado/parafarmacia/cat20008/c?offset=96,,,,
2012,"
3,85 €","0,96 €/ud",Braguitas desechables unitalla Indasec Pospart 4 ud.,Ver productos de la promoción,"Añadir
",https://www.carrefour.es/supermercado/parafarmacia/cat20008/c?offset=96,,,
2013,"
11,85 €","1,18 €/100ml",Jabón líquido Germisdin 1000 ml.,"Añadir
",https://www.carrefour.es/supermercado/parafarmacia/cat20008/c?offset=96,,,,
2014,"
8,95 €","1,79 €/100ml",Colutorio encías Vitis 500 ml.,"Añadir
",https://www.carrefour.es/supermercado/parafarmacia/cat20008/c?offset=96,,,,
2015,"
2,75 €","0,14 €/ud",Tiras adhesivas Frozen Hansaplast 20 ud.,"Añadir
",https://www.carrefour.es/supermercado/parafarmacia/cat20008/c?offset=96,,,,
2016,"
7,39 €","4,93 €/100ml",Dentífrico blanqueante sabor menta Lacer 150 ml.,"Añadir
",https://www.carrefour.es/supermercado/parafarmacia/cat20008/c?offset=120,,,,
2017,"
15,49 €","19,36 €/kg",Preparado Lácteo de crecimiento desde los 12 meses Blemil Plus 3 lata 800 g.,"Añadir
",https://www.carrefour.es/supermercado/parafarmacia/cat20008/c?offset=120,,,,
2018,"
13,25 €","18,93 €/100g",Crema fijadora para prótesis dentales extrafuerte Corega 70 g.,Ver productos de la promoción,"Añadir
",https://www.carrefour.es/supermercado/parafarmacia/cat20008/c?offset=120,,,
2019,"
3,75 €","3,75 €/ud",Cepillo dental medio Vitis 1 ud.,"Añadir
",https://www.carrefour.es/supermercado/parafarmacia/cat20008/c?offset=120,,,,
2020,"
3,69 €","36,90 €/100ml",Árbol de té TecSania 10 ml.,"Añadir
",https://www.carrefour.es/supermercado/parafarmacia/cat20008/c?offset=120,,,,
2021,"
20,29 €","16,91 €/kg",Leche infantil de crecimiento desde los 12 meses en polvo Almirón Advance 3 1200 g.,"Añadir
",https://www.carrefour.es/supermercado/parafarmacia/cat20008/c?offset=120,,,,
2022,"
14,39 €","17,99 €/kg",Leche infantil de continuación desde los 6 meses en polvo Nan Optipro 2 lata 800 g.,"Añadir
",https://www.carrefour.es/supermercado/parafarmacia/cat20008/c?offset=120,,,,
2023,"
15,45 €","19,31 €/kg",Leche infantil de continuación desde 6 meses en polvo Almirón Avance 2 800 g.,"Añadir
",https://www.carrefour.es/supermercado/parafarmacia/cat20008/c?offset=120,,,,
2024,"
4,99 €","4,99 €/ud",Cepillo dental interdental plus mini Interprox 6 ud.,"Agotado temporalmente
",https://www.carrefour.es/supermercado/parafarmacia/cat20008/c?offset=144,,,,
2025,"
7,75 €","25,83 €/100ml","Protector labial fórmula noruega SPF 20 Neutrogena pack de 2 unidades de 4,8 g.","Añadir
",https://www.carrefour.es/supermercado/parafarmacia/cat20008/c?offset=144,,,,
2026,"
1,85 €","1,85 €/ud","Esparadrapo Sensitive 5 m x 2,5 cm Salvelox 1 ud.","Añadir
",https://www.carrefour.es/supermercado/parafarmacia/cat20008/c?offset=144,,,,
2027,"
11,49 €","58,92 €/100g",Sueño Aquilea 30 comprimidos.,"Añadir
",https://www.carrefour.es/supermercado/parafarmacia/cat20008/c?offset=144,,,,
2028,"
22,90 €","28,62 €/kg",Leche infantil para lactantes desde el primer día Enfamil Complete 800 g.,"Añadir
",https://www.carrefour.es/supermercado/parafarmacia/cat20008/c?offset=144,,,,
2029,"
4,19 €","4,19 €/ud",Seda dental suave con flúor y menta Vitis 50 metros,"Añadir
",https://www.carrefour.es/supermercado/parafarmacia/cat20008/c?offset=144,,,,
2030,"
5,99 €","1,20 €/100ml",Colutorio diario flúor Fluor-Aid 500 ml.,"Añadir
",https://www.carrefour.es/supermercado/parafarmacia/cat20008/c?offset=144,,,,
2031,"
5,59 €","7,45 €/100ml",Dentífrico sin fluor Parodontax 75 ml.,Ver productos de la promoción,"Añadir
",https://www.carrefour.es/supermercado/parafarmacia/cat20008/c?offset=144,,,
2032,"
6,35 €","42,33 €/100ml",Gotas hidratantes para ojos Novalens 15 ml.,"Añadir
",https://www.carrefour.es/supermercado/parafarmacia/cat20008/c?offset=168,,,,
2033,"
2,29 €","4,58 €/100g",Caramelo sabor menta montaña sin azúcar Ricola 50 g.,"Añadir
",https://www.carrefour.es/supermercado/parafarmacia/cat20008/c?offset=168,,,,
2034,"
24,50 €","20,42 €/kg",Leche infantil para lactantes en polvo Nestlé Nan Optipro 1 sin aceite de palma lata 1200 g.,"Añadir
",https://www.carrefour.es/supermercado/parafarmacia/cat20008/c?offset=168,,,,
2035,"
20,90 €","17,42 €/kg",Leche infantil de continuación desde 6 meses en polvo Nestlé Nan Optipro 2 sin aceite de palma lata 1200 g.,"Añadir
",https://www.carrefour.es/supermercado/parafarmacia/cat20008/c?offset=168,,,,
2036,"
3,75 €","3,75 €/ud",Seda dental con flúor y triclosán Lacer 50 metros,"Añadir
",https://www.carrefour.es/supermercado/parafarmacia/cat20008/c?offset=168,,,,
2037,"
17,15 €","1,72 €/100ml",Gel de baño pH5 para piel sensible Eucerin 1000 ml.,"Añadir
",https://www.carrefour.es/supermercado/parafarmacia/cat20008/c?offset=168,,,,
2038,"
7,69 €","15,38 €/100ml",Desodorante roll-on anti-transpirante piel sensible o depilada 48h. Vichy 50 ml.,"Añadir
",https://www.carrefour.es/supermercado/parafarmacia/cat20008/c?offset=168,,,,
2039,"
4,39 €","4,39 €/ud",Bálsamo labial hidratante Carmex 1 ud.,"Añadir
",https://www.carrefour.es/supermercado/parafarmacia/cat20008/c?offset=168,,,,
2040,"
3,75 €","3,75 €/ud",Cepillo dental ortodoncia Lacer 1 ud.,"Añadir
",https://www.carrefour.es/supermercado/parafarmacia/cat20008/c?offset=192,,,,
2041,"
22,50 €","2,25 €/100ml",Loción hidratante corporal pH5 para piel sensible Eucerin 1000 ml.,"Añadir
",https://www.carrefour.es/supermercado/parafarmacia/cat20008/c?offset=192,,,,
2042,"
12,79 €","0,21 €/ud",Tabletas limpiadoras para prótesis dentales Corega 66 ud.,Ver productos de la promoción,"Añadir
",https://www.carrefour.es/supermercado/parafarmacia/cat20008/c?offset=192,,,
2043,"
11,49 €","2,43 €/100ml",Gel limpiador espumoso Cerave 473 ml.,"Añadir
",https://www.carrefour.es/supermercado/parafarmacia/cat20008/c?offset=192,,,,
2044,"
5,29 €","8,82 €/100g",Vitamina C + guaraná sin azúcar Vallesol 24 comprimidos.,"Añadir
",https://www.carrefour.es/supermercado/parafarmacia/cat20008/c?offset=192,,,,
2045,"
6,75 €","6,75 €/100ml",Dentifrico especial para portadores de ortodoncia Vitis 100 ml.,"Añadir
",https://www.carrefour.es/supermercado/parafarmacia/cat20008/c?offset=192,,,,
2046,"
18,99 €","23,74 €/kg",Leche infantil de continuación desde 6 meses en polvo Enfamil Complete 2 800 g.,"Añadir
",https://www.carrefour.es/supermercado/parafarmacia/cat20008/c?offset=192,,,,
2047,"
13,85 €","1,85 €/100ml",Gel de ducha Lipikar La Roche-Posay 1 ud.,"Añadir
",https://www.carrefour.es/supermercado/parafarmacia/cat20008/c?offset=192,,,,
2048,"
10,89 €","5,44 €/100ml",Limpiador gel de agua elimina las impurezas y el maquillaje Hydro Boost Neutrogena 200 ml.,"Añadir
",https://www.carrefour.es/supermercado/parafarmacia/cat20008/c?offset=216,,,,
2049,"
8,19 €","5,46 €/100ml",Crema de manos Atopi control para piel seca pack 2 unidades de 75 ml.,"Añadir
",https://www.carrefour.es/supermercado/parafarmacia/cat20008/c?offset=216,,,,
2050,"
9,39 €","3,13 €/100ml",Liquido lentillas ecológico True Bausch + Lomb 300 ml.,"Añadir
",https://www.carrefour.es/supermercado/parafarmacia/cat20008/c?offset=216,,,,
2051,"
8,09 €","8,09 €/ud",Tinte Classic 5N Castaño Claro Farmatint 1 ud.,"Añadir
",https://www.carrefour.es/supermercado/parafarmacia/cat20008/c?offset=216,,,,
2052,"
4,19 €","4,19 €/ud",Cinta dental con cera Vitis 50 metros,"Añadir
",https://www.carrefour.es/supermercado/parafarmacia/cat20008/c?offset=216,,,,
2053,"
9,99 €","2,50 €/100ml",Loción corporal reparación intensa Neutrogena 400 ml.,"Añadir
",https://www.carrefour.es/supermercado/parafarmacia/cat20008/c?offset=216,,,,
2054,"
13,35 €","1,33 €/100ml",Colutorio control diario periodontal y periimplantorio Perio-Aid 1000 ml.,"Añadir
",https://www.carrefour.es/supermercado/parafarmacia/cat20008/c?offset=216,,,,
2055,"
7,69 €","12,82 €/100ml",Crema analgésica antiinflamatoria Fisiocrem 60 ml.,"Añadir
",https://www.carrefour.es/supermercado/parafarmacia/cat20008/c?offset=216,,,,
2056,"
18,49 €","1,85 €/100ml",Solución única multiplus bausch + lomb pack de 2 unidades de 500 ml + Solución 60 ml.,"Añadir
",https://www.carrefour.es/supermercado/parafarmacia/cat20008/c?offset=240,,,,
2057,"
15,95 €","8,35 €/100g",Omega 3 rico en EPA y DHA Phytofarma 270 cápsulas.,"Añadir
",https://www.carrefour.es/supermercado/parafarmacia/cat20008/c?offset=240,,,,
2058,"
7,75 €","25,83 €/100g",Gel lubricante vaginal Vagisil 30 g.,"Añadir
",https://www.carrefour.es/supermercado/parafarmacia/cat20008/c?offset=240,,,,
2059,"
20,10 €","16,75 €/kg",Leche infantil de crecimiento desde 12 meses en polvo Nestlé Nan Optipro 3 sin aceite de palma lata 1200 g.,"Añadir
",https://www.carrefour.es/supermercado/parafarmacia/cat20008/c?offset=240,,,,
2060,"
25,10 €","21,64 €/100g",Complemento multivitamínico y multimineral Select 50+ Multicentrum 90 comprimidos.,Ver productos de la promoción,"Añadir
",https://www.carrefour.es/supermercado/parafarmacia/cat20008/c?offset=240,,,
2061,"
8,45 €","5,63 €/100ml",Desodorante hyper-hidrosis Dermactive roll-on Mussvital pack de 2 unidades de 75 ml.,"Añadir
",https://www.carrefour.es/supermercado/parafarmacia/cat20008/c?offset=240,,,,
2062,"
9,19 €","0,92 €/100g",Melatonina en comprimidos Aquilea 30 ud.,"Añadir
",https://www.carrefour.es/supermercado/parafarmacia/cat20008/c?offset=240,,,,
2063,"
11,19 €","6,76 €/100g",Colágeno + Magnesio en comprimidos Aquilea 240 ud.,"Añadir
",https://www.carrefour.es/supermercado/parafarmacia/cat20008/c?offset=240,,,,
2064,"
1,20 €","1,20 €/ud","Esparadrapo de tejido 5 m x 2,5 cm Carrefour Soft 1 ud.","Añadir
",https://www.carrefour.es/supermercado/parafarmacia/cat20008/c?offset=264,,,,
2065,"
9,75 €","1,95 €/100ml",Colutorio blanqueadora Vitis 500 ml.,"Añadir
",https://www.carrefour.es/supermercado/parafarmacia/cat20008/c?offset=264,,,,
2066,"
4,75 €","9,90 €/100g","Pastillas blandas de própolis con miel, altea + vitamina C Juanola 24 ud.","Añadir
",https://www.carrefour.es/supermercado/parafarmacia/cat20008/c?offset=264,,,,
2067,"
20 €",5 €/100ml,Bálsamo relipidizante La Roche-Posay 400 ml,"Añadir
",https://www.carrefour.es/supermercado/parafarmacia/cat20008/c?offset=264,,,,
2068,"
11,25 €","7,50 €/100ml",Gel exfoliante refrescante con ácido glicólico para todo tipo de piel Skin Detox Neutrogena 150 ml.,"Añadir
",https://www.carrefour.es/supermercado/parafarmacia/cat20008/c?offset=264,,,,
2069,"
16,65 €","2,08 €/100g",Leche infantil de continuación desde 6 meses en polvo Damira Natur 2 sin aceite de palma lata 800 g.,"Añadir
",https://www.carrefour.es/supermercado/parafarmacia/cat20008/c?offset=264,,,,
2070,"
8,99 €",14 €/100g,Bálsamo Tiger Balm 19 g.,"Añadir
",https://www.carrefour.es/supermercado/parafarmacia/cat20008/c?offset=264,,,,
2071,"
5,25 €",7 €/100ml,Dentífrico Herbal Sensation Parodontax 75 ml.,Ver productos de la promoción,"Añadir
",https://www.carrefour.es/supermercado/parafarmacia/cat20008/c?offset=264,,,
2072,"
10,65 €","15,21 €/100g",Crema adhesiva para dentaduras postizas Pro Doble Acción Kukident 60 g.,"Añadir
",https://www.carrefour.es/supermercado/parafarmacia/cat20008/c?offset=288,,,,
2073,"
8,49 €","8,49 €/100ml",Desodorante roll on pH5 para pieles sensibles Eucerin pack de 2 unidades de 50 ml.,"Añadir
",https://www.carrefour.es/supermercado/parafarmacia/cat20008/c?offset=288,,,,
2074,"
7,29 €","0,73 €/ud",Cepillo dental interproximales plus micro 0.9 10 ud.,"Añadir
",https://www.carrefour.es/supermercado/parafarmacia/cat20008/c?offset=288,,,,
2075,"
8,55 €","8,55 €/ud",Loción + champú antipiojos ZZ 225 ml.,"Añadir
",https://www.carrefour.es/supermercado/parafarmacia/cat20008/c?offset=288,,,,
2076,"
4,39 €","4,39 €/ud",Bálsamo labial hidrantate Carmex 1 ud.,"Añadir
",https://www.carrefour.es/supermercado/parafarmacia/cat20008/c?offset=288,,,,
2077,"
6,65 €","13,30 €/100ml",Crema de manos concentrada sin perfume Neutrogena 50 ml.,"Añadir
",https://www.carrefour.es/supermercado/parafarmacia/cat20008/c?offset=288,,,,
2078,"
3,79 €","3,79 €/ud",Cepillo dental fuerte Lacer 1 ud.,"Añadir
",https://www.carrefour.es/supermercado/parafarmacia/cat20008/c?offset=288,,,,
2079,"
10,79 €","3,60 €/100ml",Champú caspa grasa Pilexil 300 ml.,"Añadir
",https://www.carrefour.es/supermercado/parafarmacia/cat20008/c?offset=288,,,,
2080,"
10,85 €","30,14 €/100g","Infusión para los gases de anís, hinojo y alcaravea Aquilea 60 ud.","Añadir
",https://www.carrefour.es/supermercado/parafarmacia/cat20008/c?offset=312,,,,
2081,"
10,45 €","0,35 €/ud",Almohadillas adhesivas para dentadura inferior Algasiv 30 ud.,"Añadir
",https://www.carrefour.es/supermercado/parafarmacia/cat20008/c?offset=312,,,,
2082,"
35,30 €","70,60 €/100ml",Crema de día antiedad Hyalluron Filler SPF30 Eucerin 50 ml.,"Añadir
",https://www.carrefour.es/supermercado/parafarmacia/cat20008/c?offset=312,,,,
2083,"
13,25 €","4,42 €/100ml",Desmaquillante integral para piel sensible Vichy 300 ml.,"Añadir
",https://www.carrefour.es/supermercado/parafarmacia/cat20008/c?offset=312,,,,
2084,"
7,75 €","1,55 €/100ml",Colutorio sin alcohol sabor lima fresca Vitis 500 ml.,"Añadir
",https://www.carrefour.es/supermercado/parafarmacia/cat20008/c?offset=312,,,,
2085,"
20,20 €","2,69 €/100ml",Loción corporal en gel piel normal a seca Hidrobost Neutrogena pack de 2 unidades de 750 ml.,"Añadir
",https://www.carrefour.es/supermercado/parafarmacia/cat20008/c?offset=312,,,,
2086,"
4,25 €","28,33 €/100ml",Stick de arnica suaviza y reconforta Carrefour Soft 15 ml.,"Añadir
",https://www.carrefour.es/supermercado/parafarmacia/cat20008/c?offset=312,,,,
2087,"
6,89 €","1,38 €/ud",Apósitos ampollas medianas Compeed 5 ud.,"Añadir
",https://www.carrefour.es/supermercado/parafarmacia/cat20008/c?offset=312,,,,
2088,"
7,19 €","2,88 €/100ml",Jarabe Drena-T con alcachofa y diente de león Sanon 250 ml.,"Añadir
",https://www.carrefour.es/supermercado/parafarmacia/cat20008/c?offset=336,,,,
2089,"
31,20 €","62,40 €/100ml",Crema de noche antiedad Elasticity + Filler Eucerin 50 ml.,"Añadir
",https://www.carrefour.es/supermercado/parafarmacia/cat20008/c?offset=336,,,,
2090,"
6,49 €","6,49 €/ud",Esponja Inglesa Suavinex 1 ud.,"Añadir
",https://www.carrefour.es/supermercado/parafarmacia/cat20008/c?offset=336,,,,
2091,"
5,29 €","1,06 €/ud",Parches stop dolor Carrefour 5 ud.,"Añadir
",https://www.carrefour.es/supermercado/parafarmacia/cat20008/c?offset=336,,,,
2092,"
4,19 €","0,70 €/ud",Tapones de silicona Ototap 6 ud.,"Añadir
",https://www.carrefour.es/supermercado/parafarmacia/cat20008/c?offset=336,,,,
2093,"
23,61 €","27,78 €/kg",Complemento Alimenticio desde 12 meses sabor fresa Pediasure 850 g.,"Añadir
",https://www.carrefour.es/supermercado/parafarmacia/cat20008/c?offset=336,,,,
2094,"
6,55 €","1,31 €/100ml",Champú extracto aloe vera Xensium 500 ml.,"Añadir
",https://www.carrefour.es/supermercado/parafarmacia/cat20008/c?offset=336,,,,
2095,"
18,49 €","23,11 €/kg",Leche infantil de continuación desde 6 meses Nutriben Innova 2 lata 800 g.,"Añadir
",https://www.carrefour.es/supermercado/parafarmacia/cat20008/c?offset=336,,,,
2096,"
12,59 €","31,48 €/100g",Multivitamínico y multimineral Hombre 50+ Multicentrum 30 comprimidos.,Ver productos de la promoción,"Añadir
",https://www.carrefour.es/supermercado/parafarmacia/cat20008/c?offset=360,,,
2097,"
9,19 €","1,84 €/100ml",Colutorio anticaries Vitis 500 ml.,"Añadir
",https://www.carrefour.es/supermercado/parafarmacia/cat20008/c?offset=360,,,,
2098,"
10,65 €","30,43 €/100g",Colágeno + Ácido Hialurónico Sanon 60 cápsulas.,"Añadir
",https://www.carrefour.es/supermercado/parafarmacia/cat20008/c?offset=360,,,,
2099,"
7,49 €","4,68 €/100g",Levadura de cerveza Sanon 160 g.,"Añadir
",https://www.carrefour.es/supermercado/parafarmacia/cat20008/c?offset=360,,,,
2100,"
9,39 €","9,39 €/100g",Cola de caballo comprimidos Sanon 200 ud.,"Añadir
",https://www.carrefour.es/supermercado/parafarmacia/cat20008/c?offset=360,,,,
2101,"
13,45 €","67,25 €/100ml",Desodorante roll-on antitranspirante Original Perspirex 20 ml.,"Añadir
",https://www.carrefour.es/supermercado/parafarmacia/cat20008/c?offset=360,,,,
2102,"
7,59 €","50,60 €/100ml",Colorante en gel bigote y barba castaño Just for Men 15 ml.,"Añadir
",https://www.carrefour.es/supermercado/parafarmacia/cat20008/c?offset=360,,,,
2103,"
16,59 €","6,64 €/100ml",Champú con extracto de cebolla Nuggela & Sulé 250 ml.,"Añadir
",https://www.carrefour.es/supermercado/parafarmacia/cat20008/c?offset=360,,,,
2104,"
13,25 €","1,32 €/100ml",Gel y champú para la higiene de la piel y cabellos delicados Pon-emo Colágeno 1000 ml.,"Añadir
",https://www.carrefour.es/supermercado/parafarmacia/cat20008/c?offset=384,,,,
2105,"
7,69 €","1,92 €/100ml",Enjuague bucal perio clorhexidina Oraldine 400 ml.,"Añadir
",https://www.carrefour.es/supermercado/parafarmacia/cat20008/c?offset=384,,,,
2106,"
8,89 €","4,44 €/ud",Parches térmicos terapéuticos Thermacare 2 ud.,"Añadir
",https://www.carrefour.es/supermercado/parafarmacia/cat20008/c?offset=384,,,,
2107,"
3,59 €","0,60 €/ud",Tapón para oídos de silicona Noton Aqua Sport 6 ud.,"Añadir
",https://www.carrefour.es/supermercado/parafarmacia/cat20008/c?offset=384,,,,
2108,"
30,40 €","60,80 €/100ml",Crema facial para piel seca rellenador de arrugas Hyaluron Filler para el día con FP15 Eucerin 50 ml.,"Añadir
",https://www.carrefour.es/supermercado/parafarmacia/cat20008/c?offset=384,,,,
2109,"
30,40 €","60,80 €/100ml",Crema facial rellenador de arrugas Hyaluron Filler para la noche Eucerin 50 ml.,"Añadir
",https://www.carrefour.es/supermercado/parafarmacia/cat20008/c?offset=384,,,,
2110,"
18,99 €","18,99 €/100ml",Crema intensive para piel atópica con sequedad severa Leti Laboratorios 100 ml.,"Añadir
",https://www.carrefour.es/supermercado/parafarmacia/cat20008/c?offset=384,,,,
2111,"
15,65 €","39,12 €/100ml",Crema hidratante de agua termal La Roche-Posay 40 ml.,"Añadir
",https://www.carrefour.es/supermercado/parafarmacia/cat20008/c?offset=384,,,,
2112,"
4,19 €","0,28 €/ud",Parches para calenturas con aplicador Soft Carrefour 15 ud.,"Añadir
",https://www.carrefour.es/supermercado/parafarmacia/cat20008/c?offset=408,,,,
2113,"
3,69 €","3,69 €/100g",Dermojabón leche de burra Grisi 100 g.,"Añadir
",https://www.carrefour.es/supermercado/parafarmacia/cat20008/c?offset=408,,,,
2114,"
7,09 €","2,36 €/100ml",Champú y gel de Árbol de Té Saluvital 300 ml.,"Añadir
",https://www.carrefour.es/supermercado/parafarmacia/cat20008/c?offset=408,,,,
2115,"
7,09 €","14,18 €/100g",Complemento alimenticio Maca Sanon 100 comprimidos.,"Añadir
",https://www.carrefour.es/supermercado/parafarmacia/cat20008/c?offset=408,,,,
2116,"
10,29 €","20,58 €/100ml",Crema facial Atopic Piel Ferrer 50 ml.,"Añadir
",https://www.carrefour.es/supermercado/parafarmacia/cat20008/c?offset=408,,,,
2117,"
17,25 €","4,31 €/100ml",Loción Complete Repair para piel seca Eucerin 400 ml.,"Añadir
",https://www.carrefour.es/supermercado/parafarmacia/cat20008/c?offset=408,,,,
2118,"
4,35 €","2,17 €/ud",Ampolla facial C-Vit Acglicolic Sesderma 2 ud.,"Añadir
",https://www.carrefour.es/supermercado/parafarmacia/cat20008/c?offset=408,,,,
2119,"
4,19 €","4,19 €/ud",Cepillo dental Petit de 2 a 6 años Phb 1 ud.,"Añadir
",https://www.carrefour.es/supermercado/parafarmacia/cat20008/c?offset=408,,,,
2120,"
10,75 €","10,75 €/100ml",Crema regeneradora de los pies muy secos. Eucerin 100 ml.,"Añadir
",https://www.carrefour.es/supermercado/parafarmacia/cat20008/c?offset=432,,,,
2121,"
5,99 €","5,99 €/ud",Cepillo dental medio Phb 2 ud.,"Añadir
",https://www.carrefour.es/supermercado/parafarmacia/cat20008/c?offset=432,,,,
2122,"
25 €",25 €/ud,Cuidado del contorno de ojos antiarrugas Liftactiv Vichy 15 ml.,"Añadir
",https://www.carrefour.es/supermercado/parafarmacia/cat20008/c?offset=432,,,,
2123,"
15,09 €","15,09 €/100ml",Exfoliante Dermo Pure Eucerin 100 ml.,"Añadir
",https://www.carrefour.es/supermercado/parafarmacia/cat20008/c?offset=432,,,,
2124,"
37,30 €","31,08 €/100ml",Spray anticaída Pilexil Forte 120 ml.,"Añadir
",https://www.carrefour.es/supermercado/parafarmacia/cat20008/c?offset=432,,,,
2125,"
18,39 €","18,39 €/ud",Contorno de ojos Toleriane Ultra La Roche-Posay 20 ml.,"Añadir
",https://www.carrefour.es/supermercado/parafarmacia/cat20008/c?offset=432,,,,
2126,"
12,35 €","17,64 €/100g",Crema fijadora para prótesis dentales Corega 70 g.,Ver productos de la promoción,"Añadir
",https://www.carrefour.es/supermercado/parafarmacia/cat20008/c?offset=432,,,
2127,"
36,60 €","7,32 €/100ml",Champú anticaída antiedad y antipolución para pelo normal o graso Go Organic Farma Dorsch 500 ml.,"Añadir
",https://www.carrefour.es/supermercado/parafarmacia/cat20008/c?offset=432,,,,
2128,"
38,40 €",128 €/100ml,Serum de noche Hyalluron Filler Eucerin 30 ml.,"Añadir
",https://www.carrefour.es/supermercado/parafarmacia/cat20008/c?offset=456,,,,
2129,"
17,75 €","17,75 €/ud",Contorno de ojos tratamiento anti-edad Xhekpon 15 ml.,"Añadir
",https://www.carrefour.es/supermercado/parafarmacia/cat20008/c?offset=456,,,,
2130,"
30,90 €","77,25 €/100ml",Crema antiarrugas para pieles sensibles Redermic C UV La Roche-Posay 40 ml.,"Añadir
",https://www.carrefour.es/supermercado/parafarmacia/cat20008/c?offset=456,,,,
2131,"
3,75 €","3,75 €/ud",Cepillo dental blanqueador Lacer 1 ud.,"Añadir
",https://www.carrefour.es/supermercado/parafarmacia/cat20008/c?offset=456,,,,
2132,"
24,10 €","48,20 €/100ml",Crema Idéalia iluminadora alisadora para piel normal y mixta Vichy 1 ud.,"Añadir
",https://www.carrefour.es/supermercado/parafarmacia/cat20008/c?offset=456,,,,
2133,"
14,59 €","31,44 €/100g",Vitaminas Pharmaton Complex 60 comprimidos.,"Añadir
",https://www.carrefour.es/supermercado/parafarmacia/cat20008/c?offset=456,,,,
2134,"
6,99 €","9,99 €/100ml",Gel de masaje Thrombactiv Lacer 70 ml.,"Añadir
",https://www.carrefour.es/supermercado/parafarmacia/cat20008/c?offset=456,,,,
2135,"
12,59 €","2,52 €/100ml",Champú cabello normal/graso T/Gel Neutrogena pack de 2 unidades de 250 ml.,"Añadir
",https://www.carrefour.es/supermercado/parafarmacia/cat20008/c?offset=456,,,,
2136,"
6,09 €","0,81 €/100ml",Jabón Líquido Multidermol 750 ml.,"Añadir
",https://www.carrefour.es/supermercado/parafarmacia/cat20008/c?offset=480,,,,
2137,"
8,65 €","11,53 €/100ml",Dentífrico Tratamiento Periodontal Perio-Aid 100 ml.,"Añadir
",https://www.carrefour.es/supermercado/parafarmacia/cat20008/c?offset=480,,,,
2138,"
17,75 €","8,87 €/100ml",Fósforo complemento alimenticio Jalea real + vitaminas+ minerales Revital 20 ampollas.,"Añadir
",https://www.carrefour.es/supermercado/parafarmacia/cat20008/c?offset=480,,,,
2139,"
18,95 €","4,74 €/100ml",Loción Atopicontrol Eucerin 400 ml.,"Añadir
",https://www.carrefour.es/supermercado/parafarmacia/cat20008/c?offset=480,,,,
2140,"
24,30 €","4,34 €/100g",Batido hiperproteico sabor chocolate Bimanán beFit 560 g.,"Añadir
",https://www.carrefour.es/supermercado/parafarmacia/cat20008/c?offset=480,,,,
2141,"
25,30 €","5,06 €/100ml",Leche corporal para pieles atópicas Leti Laboratorios 500 ml.,"Añadir
",https://www.carrefour.es/supermercado/parafarmacia/cat20008/c?offset=480,,,,
2142,"
10,95 €","4,38 €/100ml",Champú para piel atópica Leti Laboratorios 250 ml.,"Añadir
",https://www.carrefour.es/supermercado/parafarmacia/cat20008/c?offset=480,,,,
2143,"
14,59 €","7,29 €/100ml",Loción calmante fisiológica para pieles sensibles La Roche-Posay 200 ml.,"Añadir
",https://www.carrefour.es/supermercado/parafarmacia/cat20008/c?offset=480,,,,
2144,"
10,19 €","33,97 €/100ml",Colorante en champú castaño Just for Men 30 ml.,"Añadir
",https://www.carrefour.es/supermercado/parafarmacia/cat20008/c?offset=504,,,,
2145,"
4,15 €","4,15 €/ud",Chupete Premium Fisiológico Silicona +4 Meses,"Añadir
",https://www.carrefour.es/supermercado/parafarmacia/cat20008/c?offset=504,,,,
2146,"
31,20 €","62,40 €/100ml",Crema de día antiedad Elasticity + Filler Eucerin 50 ml.,"Añadir
",https://www.carrefour.es/supermercado/parafarmacia/cat20008/c?offset=504,,,,
2147,"
20,30 €","40,60 €/100ml",Crema antiedad Regeneradora Rosa Mosqueta Ferrer 50 ml.,"Añadir
",https://www.carrefour.es/supermercado/parafarmacia/cat20008/c?offset=504,,,,
2148,"
1,28 €","1,28 €/ud","Esparadrapo de plástico 5 m x 2,5 cm Carrefour Soft 1 ud.","Añadir
",https://www.carrefour.es/supermercado/parafarmacia/cat20008/c?offset=504,,,,
2149,"
10,19 €","67,93 €/100ml",Aceite OTC Repavar Rosa de Mosqueta,"Añadir
",https://www.carrefour.es/supermercado/parafarmacia/cat20008/c?offset=504,,,,
2150,"
11,39 €","37,97 €/100ml",Aceite de rosa mosqueta Phytofarma 30 ml.,"Añadir
",https://www.carrefour.es/supermercado/parafarmacia/cat20008/c?offset=504,,,,
2151,"
7,99 €","7,99 €/ud",Gafas presbicia + 2.00 Vannali 1 ud.,"Añadir
",https://www.carrefour.es/supermercado/parafarmacia/cat20008/c?offset=504,,,,
2152,"
34,70 €","1.156,67 €/100ml",Serum antimanchas Eucerín 30 ml.,"Añadir
",https://www.carrefour.es/supermercado/parafarmacia/cat20008/c?offset=528,,,,
2153,"
29,30 €","7,32 €/100ml",Crema corporal hidratante Ultra-Reafirmante + Farma Dorsch 400 ml.,"Añadir
",https://www.carrefour.es/supermercado/parafarmacia/cat20008/c?offset=528,,,,
2154,"
23,40 €","23,40 €/ud",Contorno de labios y ojos Neovadiol Gf Vichy 15 ml.,"Añadir
",https://www.carrefour.es/supermercado/parafarmacia/cat20008/c?offset=528,,,,
2155,"
7,25 €","1,45 €/ud",Apositos ampollas surtido Compeed 6 ud.,"Añadir
",https://www.carrefour.es/supermercado/parafarmacia/cat20008/c?offset=528,,,,
2156,"
29,80 €","14,90 €/100ml","Crema Reafirmante Senos, Cuello y Escote + Farma Dorsch 200 ml","Añadir
",https://www.carrefour.es/supermercado/parafarmacia/cat20008/c?offset=528,,,,
2157,"
8,99 €","8,99 €/100g",Espirulina comprimidos Sanon 100 ud.,"Añadir
",https://www.carrefour.es/supermercado/parafarmacia/cat20008/c?offset=528,,,,
2158,"
15,29 €","23,89 €/100g",L-carnitina capsulas Sanon 100 ud.,"Añadir
",https://www.carrefour.es/supermercado/parafarmacia/cat20008/c?offset=528,,,,
2159,"
16,19 €","2,02 €/100g",Leche infantil de crecimiento desde 1 año Damira Natur 3 lata 800 g.,"Añadir
",https://www.carrefour.es/supermercado/parafarmacia/cat20008/c?offset=528,,,,
2160,"
20,50 €",41 €/100ml,Tratamiento hidratante anti-fatiga para hombre Vichy 50 ml.,"Añadir
",https://www.carrefour.es/supermercado/parafarmacia/cat20008/c?offset=552,,,,
2161,"
12,69 €","12,69 €/100ml",Spray gel líquido antipiojos Neositrín 100 ml.,"Añadir
",https://www.carrefour.es/supermercado/parafarmacia/cat20008/c?offset=552,,,,
2162,"
26 €","173,33 €/100ml",Contorno de ojos + Farma Dorsch 15 ml.,"Añadir
",https://www.carrefour.es/supermercado/parafarmacia/cat20008/c?offset=552,,,,
2163,"
21,30 €","21,30 €/ud",Crema en gel Hydro Boost Neutrogena 50 ml.,"Añadir
",https://www.carrefour.es/supermercado/parafarmacia/cat20008/c?offset=552,,,,
2164,"
15,19 €","14,75 €/100g",Multivitaminas Adulto Forté Pharma - Energy 84 comprimidos.,"Añadir
",https://www.carrefour.es/supermercado/parafarmacia/cat20008/c?offset=552,,,,
2165,"
27,20 €","13,60 €/100ml",Acondicionador redensificante antiedad Go Organic + Farma Dorsch 200 ml.,"Añadir
",https://www.carrefour.es/supermercado/parafarmacia/cat20008/c?offset=552,,,,
2166,"
6,55 €","43,67 €/100ml",Loción post picaduras en roll-on Relec 15 ml.,"Añadir
",https://www.carrefour.es/supermercado/parafarmacia/cat20008/c?offset=552,,,,
2167,"
9,99 €","2,50 €/100ml",Loción corporal en gel para pieles normales Neutrogena 400 ml.,"Añadir
",https://www.carrefour.es/supermercado/parafarmacia/cat20008/c?offset=552,,,,
2168,"
7,69 €","19,22 €/100g",Crema adhesiva premium para dentaduras postizas Kukident 40 g.,"Añadir
",https://www.carrefour.es/supermercado/parafarmacia/cat20008/c?offset=576,,,,
2169,"
13,85 €","69,25 €/100ml",Desodorante roll-on antitranspirante Comfort Perspirex 20 ml.,"Añadir
",https://www.carrefour.es/supermercado/parafarmacia/cat20008/c?offset=576,,,,
2170,"
7,99 €","7,99 €/ud",Gafas presbicia + 1.00 Vannali 1 ud.,"Añadir
",https://www.carrefour.es/supermercado/parafarmacia/cat20008/c?offset=576,,,,
2171,"
7,99 €","7,99 €/ud",Gafas presbicia + 1.50 Vannali 1 ud.,"Añadir
",https://www.carrefour.es/supermercado/parafarmacia/cat20008/c?offset=576,,,,
2172,"
7,99 €","7,99 €/ud",Gafas presbicia + 2.50 Vannali 1 ud.,"Añadir
",https://www.carrefour.es/supermercado/parafarmacia/cat20008/c?offset=576,,,,
2173,"
14,99 €","7,49 €/100ml",Alcachofa mas hinojo ampollas Sanon 200 ml.,"Añadir
",https://www.carrefour.es/supermercado/parafarmacia/cat20008/c?offset=576,,,,
2174,"
16,59 €","41,47 €/100ml",Crema hidratante prebióticotolerine sensitive fluido La Roche Posay 40 ml.,"Añadir
",https://www.carrefour.es/supermercado/parafarmacia/cat20008/c?offset=576,,,,
2175,"
14,29 €","13,61 €/100g",Vitaminas para la memoria Memorex Forté Pharma - Energy 56 comprimidos.,"Añadir
",https://www.carrefour.es/supermercado/parafarmacia/cat20008/c?offset=576,,,,
2176,"
18,89 €","1,89 €/100g",Ginseng y L-Arginina Energisil 30 comprimidos.,"Añadir
",https://www.carrefour.es/supermercado/parafarmacia/cat20008/c?offset=600,,,,
2177,"
7,69 €","19,22 €/100g",Crema Adhesiva Efecto Sellado Kukident 40 g.,"Añadir
",https://www.carrefour.es/supermercado/parafarmacia/cat20008/c?offset=600,,,,
2178,"
4,95 €","7,37 €/100g","Magnesio + vitaminasB1, B2 y B6 sin azúcar Vallesol 24 comprimidos.","Añadir
",https://www.carrefour.es/supermercado/parafarmacia/cat20008/c?offset=600,,,,
2179,"
18,85 €","47,12 €/100ml",Cuidado dermatológico hidratante calmante Toleriane Ultra La Roche-Posay 40 ml.,"Añadir
",https://www.carrefour.es/supermercado/parafarmacia/cat20008/c?offset=600,,,,
2180,"
25,50 €",51 €/100ml,Crema reparadora antiedad pieles secas y sensibles NutriActive + Farma Dorsch 50 ml,"Añadir
",https://www.carrefour.es/supermercado/parafarmacia/cat20008/c?offset=600,,,,
2181,"
20,50 €",41 €/100ml,Crema hidratante doble acción para cutis radiante piel normal y mixta Skin Detox Neutrogena 50 ml.,"Añadir
",https://www.carrefour.es/supermercado/parafarmacia/cat20008/c?offset=600,,,,
2182,"
40,40 €","8,08 €/100ml",Champú anti-caída Go Organic + Farma Dorsch 500 ml.,"Añadir
",https://www.carrefour.es/supermercado/parafarmacia/cat20008/c?offset=600,,,,
2183,"
8,79 €","0,24 €/ud",Tabletas limpiadoras para prótesis dentales Corega 36 ud.,Ver productos de la promoción,"Añadir
",https://www.carrefour.es/supermercado/parafarmacia/cat20008/c?offset=600,,,
2184,"
23,90 €","47,80 €/100ml",Crema Q10 Active noche Eucerin 50 ml.,"Añadir
",https://www.carrefour.es/supermercado/parafarmacia/cat20008/c?offset=624,,,,
2185,"
19,59 €","39,18 €/100ml",Crema facial tratamiento intensivo piel seca Nutrilogie 2 Vichy 50 ml.,"Añadir
",https://www.carrefour.es/supermercado/parafarmacia/cat20008/c?offset=624,,,,
2186,"
17,75 €","8,87 €/100ml",Ginseng + Jalea Real + Vitaminas complemento alimenticio Revital 20 ampollas.,"Añadir
",https://www.carrefour.es/supermercado/parafarmacia/cat20008/c?offset=624,,,,
2187,"
10,79 €","8,63 €/100ml",Loción con acondicionador devuelve el color natural del cabello Grecian 2000 125 ml.,"Añadir
",https://www.carrefour.es/supermercado/parafarmacia/cat20008/c?offset=624,,,,
2188,"
10,45 €","13,93 €/100ml",Repelente de insectos extra fuerte Relec 1 ud.,"Añadir
",https://www.carrefour.es/supermercado/parafarmacia/cat20008/c?offset=624,,,,
2189,"
9,35 €","19,08 €/100g",Vitaminas Vitalidad con jalea real y coenzima Q10 Leotron sin gluten sin lactosa 30 ud.,Sin gluten,Sin lactosa,"Añadir
",https://www.carrefour.es/supermercado/parafarmacia/cat20008/c?offset=624,,
2190,"
13,99 €","5,60 €/100ml",Gel Aloe Vera Grisi 250 ml.,"Añadir
",https://www.carrefour.es/supermercado/parafarmacia/cat20008/c?offset=624,,,,
2191,"
9,35 €","1,87 €/100ml",Colutorio boca seca Xero Lacer 500 ml.,"Añadir
",https://www.carrefour.es/supermercado/parafarmacia/cat20008/c?offset=624,,,,
2192,"
8,69 €","8,69 €/ud",Biberón con tetina inclinada de silicona desde 2 meses Natural Feeling Chicco 250 ml.,"Añadir
",https://www.carrefour.es/supermercado/parafarmacia/cat20008/c?offset=648,,,,
2193,"
19,09 €","38,18 €/100ml",Crema Aquaporin Active SPF 25+ Eucerin 50 ml.,"Añadir
",https://www.carrefour.es/supermercado/parafarmacia/cat20008/c?offset=648,,,,
2194,"
16,59 €","33,18 €/100ml",Crema protectora con color anti manchas 3en1 Vichy 50 ml.,"Añadir
",https://www.carrefour.es/supermercado/parafarmacia/cat20008/c?offset=648,,,,
2195,"
22,70 €","45,40 €/100ml",Crema aqualia thermal light Vichy 50 ml.,"Añadir
",https://www.carrefour.es/supermercado/parafarmacia/cat20008/c?offset=648,,,,
2196,"
49,10 €","20,98 €/100g",Complemento alimenticio para el control de peso XLS Medical 90 ud.,"Añadir
",https://www.carrefour.es/supermercado/parafarmacia/cat20008/c?offset=648,,,,
2197,"
35,30 €","88,25 €/100ml",Crema anti-arrugas rellenador y reparador Hyalu B5 La Roche-Posay 40 ml.,"Añadir
",https://www.carrefour.es/supermercado/parafarmacia/cat20008/c?offset=648,,,,
2198,"
17,95 €","35,90 €/100ml",Crema anti-imperfecciones Normaderm Vichy 50 ml.,"Añadir
",https://www.carrefour.es/supermercado/parafarmacia/cat20008/c?offset=648,,,,
2199,"
30,10 €","60,20 €/100ml",Crema facial antimanchas Eucerin 50 ml,"Añadir
",https://www.carrefour.es/supermercado/parafarmacia/cat20008/c?offset=648,,,,
2200,"
5,11 €","12,28 €/kg",Atún claro en aceite de oliva Carrefour pack de 8 latas de 52 g.,"Añadir
",https://www.carrefour.es/supermercado/la-despensa/cat20001/c,,,,
2201,"
0,63 €","0,63 €/l",Leche semidesnatada Carrefour brik 1 l.,"Añadir
",https://www.carrefour.es/supermercado/la-despensa/cat20001/c,,,,
2202,"
0,86 €","0,74 €/kg",Tomate frito Carrefour pack de 3 briks de 390 g.,"Añadir
",https://www.carrefour.es/supermercado/la-despensa/cat20001/c,,,,
2203,"
0,63 €","0,63 €/l",Leche entera Carrefour brik 1 l.,"Añadir
",https://www.carrefour.es/supermercado/la-despensa/cat20001/c,,,,
2204,"
0,67 €","1,67 €/kg",Garbanzos cocidos categoría extra Carrefour 400 g.,"Añadir
",https://www.carrefour.es/supermercado/la-despensa/cat20001/c,,,,
2205,"
0,73 €","0,73 €/kg",Azúcar blanco Carrefour 1 kg.,"Añadir
",https://www.carrefour.es/supermercado/la-despensa/cat20001/c,,,,
2206,"
1,09 €","1,09 €/kg",Macarrones Carrefour 1 kg.,"Añadir
",https://www.carrefour.es/supermercado/la-despensa/cat20001/c,,,,
2207,"
1,45 €","1,45 €/l",Aceite de girasol Carrefour 1 l.,"Añadir
",https://www.carrefour.es/supermercado/la-despensa/cat20001/c,,,,
2208,"
0,59 €","0,59 €/kg",Zanahoria Carrefour 1 kg,"Añadir
",https://www.carrefour.es/supermercado/productos-frescos/cat20002/c,,,,
2209,"
1,05 €","0,75 €","1,05 €/kg
 | 
0,75 €/kg",Banana a granel 1 Kg aprox,"Añadir
",https://www.carrefour.es/supermercado/productos-frescos/cat20002/c,,,
2210,"
2,75 €","2,75 €/kg",Plátano de Canarias Carrefour 1 Kg aprox,"Añadir
",https://www.carrefour.es/supermercado/productos-frescos/cat20002/c,,,,
2211,"
0,95 €","0,95 €/kg",Calabacín Carrefour malla de 1 kg,"Añadir
",https://www.carrefour.es/supermercado/productos-frescos/cat20002/c,,,,
2212,"
1,99 €","1,99 €/kg",Mandarina Carrefour a granel 1 kg aprox,"Añadir
",https://www.carrefour.es/supermercado/productos-frescos/cat20002/c,,,,
2213,"
1,15 €","1,15 €/kg",Cebolla Carrefour 1 Kg,"Añadir
",https://www.carrefour.es/supermercado/productos-frescos/cat20002/c,,,,
2214,"
4,79 €","2,95 €","0,96 €/kg
 | 
0,59 €/kg",Patata lavada Carrefour 5 Kg,"Añadir
",https://www.carrefour.es/supermercado/productos-frescos/cat20002/c,,,
2215,"
1,99 €","3,98 €/kg",Aguacate Carrefour 500 g,"Añadir
",https://www.carrefour.es/supermercado/productos-frescos/cat20002/c,,,,
2216,"
0,45 €","0,09 €/l",Agua mineral Fuente Primavera 5 l.,"Añadir
",https://www.carrefour.es/supermercado/bebidas/cat20003/c,,,,
2217,"
17,04 €","2,15 €/l",Coca Cola zero azúcar pack 24 latas 33 cl.,"Añadir
",https://www.carrefour.es/supermercado/bebidas/cat20003/c,,,,
2218,"
0,61 €","0,41 €/l","Agua mineral Bezoya natural 1,5 l.","Añadir
",https://www.carrefour.es/supermercado/bebidas/cat20003/c,,,,
2219,"
0,20 €","0,13 €/l","Agua mineral Fuente Primavera 1,5 l.","Añadir
",https://www.carrefour.es/supermercado/bebidas/cat20003/c,,,,
2220,"
1,19 €","0,24 €/l",Agua mineral Aquarel 5 l.,"Añadir
",https://www.carrefour.es/supermercado/bebidas/cat20003/c,,,,
2221,"
17,04 €","2,15 €/l",Coca Cola pack 24 latas 33 cl.,"Añadir
",https://www.carrefour.es/supermercado/bebidas/cat20003/c,,,,
2222,"
8,76 €","2,21 €/l",Coca Cola zero azúcar pack 12 latas 33 cl.,"Añadir
",https://www.carrefour.es/supermercado/bebidas/cat20003/c,,,,
2223,"
17,04 €","2,15 €/l",Coca Cola zero azúcar zero cafeína pack 24 latas 33 cl.,"Añadir
",https://www.carrefour.es/supermercado/bebidas/cat20003/c,,,,
2224,"
2,99 €","1,99 €/100ml",Dentífrico anticaries frescor a menta Triple Actionl Colgate pack de 2 unidades de 75 ml.,"Añadir
",https://www.carrefour.es/supermercado/perfumeria-e-higiene/cat20004/c,,,,
2225,"
0,88 €","0,09 €/100ml",Gel de ducha frutal 1 l.,"Añadir
",https://www.carrefour.es/supermercado/perfumeria-e-higiene/cat20004/c,,,,
2226,"
0,72 €","0,14 €/100ml",Jabón de manos algodón Carrefour 500 ml.,"Añadir
",https://www.carrefour.es/supermercado/perfumeria-e-higiene/cat20004/c,,,,
2227,"
0,75 €","0,10 €/100ml",Gel de ducha refrescante Frescor Azul Carrefour 750 ml.,"Añadir
",https://www.carrefour.es/supermercado/perfumeria-e-higiene/cat20004/c,,,,
2228,"
0,68 €","0,01 €/ud",Discos desmaquillantes 120 ud.,"Añadir
",https://www.carrefour.es/supermercado/perfumeria-e-higiene/cat20004/c,,,,
2229,"
0,72 €","0,14 €/100ml",Jabón de manos aroma frutal Carrefour 500 ml.,"Añadir
",https://www.carrefour.es/supermercado/perfumeria-e-higiene/cat20004/c,,,,
2230,"
1,06 €","1,06 €/ud",Dentífrico con flúor activo y calcio Protección Caries Colgate 50 ml.,"Añadir
",https://www.carrefour.es/supermercado/perfumeria-e-higiene/cat20004/c,,,,
2231,"
0,88 €","0,09 €/100ml",Gel de ducha clásico suave para todo tipo de pieles 1000 ml.,"Añadir
",https://www.carrefour.es/supermercado/perfumeria-e-higiene/cat20004/c,,,,
2232,"
0,92 €","0,92 €/ud",Set de Servilletas1 capa de Celulosa RENOVA 200 200pz - Blancas,"Añadir
",https://www.carrefour.es/supermercado/limpieza-y-hogar/cat20005/c,,,,
2233,"
2,59 €","2,59 €/ud",Papel de cocina resistente Maxi Roll Carrefour 1 rollo.,"Añadir
",https://www.carrefour.es/supermercado/limpieza-y-hogar/cat20005/c,,,,
2234,"
2,15 €","0,18 €/ud",Papel higiénico confort suave Carrefour 12 rollos.,"Añadir
",https://www.carrefour.es/supermercado/limpieza-y-hogar/cat20005/c,,,,
2235,"
3,84 €","0,32 €/ud",Papel higiénico compact doble rollo Carrefour 12 rollos.,"Añadir
",https://www.carrefour.es/supermercado/limpieza-y-hogar/cat20005/c,,,,
2236,"
1,49 €","0,04 €/ud",Bolsas de Basura Cocina CARREFOUR de 30l 40 ud - Azul,"Añadir
",https://www.carrefour.es/supermercado/limpieza-y-hogar/cat20005/c,,,,
2237,"
1,06 €","0,26 €/ud",Papel de cocina doble capa 4 ud.,"Añadir
",https://www.carrefour.es/supermercado/limpieza-y-hogar/cat20005/c,,,,
2238,"
5,45 €","0,17 €/ud",Papel higiénico confort suave Carrefour 32 rollos.,"Añadir
",https://www.carrefour.es/supermercado/limpieza-y-hogar/cat20005/c,,,,
2239,"
2,76 €","0,07 €/lavado",Detergente líquido con jabón de Marsella y flor de naranjo Carrefour 40 lavados.,"Añadir
",https://www.carrefour.es/supermercado/limpieza-y-hogar/cat20005/c,,,,
2240,"
0,95 €","0,01 €/ud",Toallitas bebé fres aloe vera Carrefour 80 ud.,"Añadir
",https://www.carrefour.es/supermercado/bebe/cat20006/c,,,,
2241,"
2,85 €","0,01 €/ud",Toallitas para bebé con aloe vera Carrefour pack de 3 paquetes de 80 ud.,"Añadir
",https://www.carrefour.es/supermercado/bebe/cat20006/c,,,,
2242,"
2,99 €","0,06 €/ud",Toallitas Bebé Dodot Aqua Pure 48 uds,"Añadir
",https://www.carrefour.es/supermercado/bebe/cat20006/c,,,,
2243,"
2,69 €","5,38 €/100ml",Limpiador Biberones Frosch Baby 500 ml,Bio,"Añadir
",https://www.carrefour.es/supermercado/bebe/cat20006/c,,,
2244,"
3,25 €","0,32 €/ud",Protector Absorbente Carrefour Baby10 ud.,"Añadir
",https://www.carrefour.es/supermercado/bebe/cat20006/c,,,,
2245,"
20 €","19,99 €","0,23 €/ud
 | 
0,23 €/ud",Pañales Dodot Sensitive T2 (4-8 Kg) 88 ud.,Ver productos de la promoción,"Añadir
",https://www.carrefour.es/supermercado/bebe/cat20006/c,,
2246,"
6,59 €","4,67 €/kg",Tarrito de verduritas con pollo y ternera desde 6 meses Hero Baby sin aceite de palma pack de 6 unidades de 235 g.,"Añadir
",https://www.carrefour.es/supermercado/bebe/cat20006/c,,,,
2247,"
1,40 €","0,02 €/ud",Toallitas para bebé con tapa sensitive Carrefour Baby 72 ud.,"Añadir
",https://www.carrefour.es/supermercado/bebe/cat20006/c,,,,
2248,"
7,59 €","10,84 €/kg",Pienso de salmón con arroz para perro adulto Purina Beyond Bio 700 g.,"Añadir
",https://www.carrefour.es/supermercado/mascotas/cat20007/c,,,,
2249,"
0,85 €","0,12 €/l","Arena Absorbente para Gatos 7 l, Carrefour ","Añadir
",https://www.carrefour.es/supermercado/mascotas/cat20007/c,,,,
2250,"
2,20 €","0,14 €/l","Arena Absorbente Higiénica 10 Kg, Carrefour","Añadir
",https://www.carrefour.es/supermercado/mascotas/cat20007/c,,,,
2251,"
1,39 €","0,17 €/l","Arena Absorbente Perfumada 5 Kg, Carrefour","Añadir
",https://www.carrefour.es/supermercado/mascotas/cat20007/c,,,,
2252,"
3 €","0,75 €/kg",Arena Aglomerante Compacta Carrefour 4Kg,"Agotado temporalmente
",https://www.carrefour.es/supermercado/mascotas/cat20007/c,,,,
2253,"
0,75 €","0,60 €/kg",Comida húmeda de buey para perro adulto Carrefour 1250 g.,"Añadir
",https://www.carrefour.es/supermercado/mascotas/cat20007/c,,,,
2254,"
0,75 €","0,60 €/kg",Comida húmeda de pollo para perro adulto Carrefour 1250 g.,"Añadir
",https://www.carrefour.es/supermercado/mascotas/cat20007/c,,,,
2255,"
0,31 €","0,77 €/kg",Alimento Húmedo para Gato con Pollo y Zanahorias 400gr,"Añadir
",https://www.carrefour.es/supermercado/mascotas/cat20007/c,,,,
2256,"
4,50 €","0,09 €/ud",Mascarillas quirúrgicas IIR desechables para adulto Soft Carrefour pack de 50 ud.,"Añadir
",https://www.carrefour.es/supermercado/parafarmacia/cat20008/c,,,,
2257,"
1,45 €","0,14 €/ud",Mascarilla quirúrgica desechable tipo IIR negras para adulto Soft Carrefour pack de 10 ud.,"Añadir
",https://www.carrefour.es/supermercado/parafarmacia/cat20008/c,,,,
2258,"
0,61 €","0,24 €/100ml",Alcohol 96º Carrefour 250 ml.,"Añadir
",https://www.carrefour.es/supermercado/parafarmacia/cat20008/c,,,,
2259,"
0,99 €","0,10 €/ud",Mascarillas quirúrgicas IIR desechables para adulto Soft Carrefour pack de 10 ud.,"Añadir
",https://www.carrefour.es/supermercado/parafarmacia/cat20008/c,,,,
2260,"
1,06 €","0,11 €/ud",Mascarilla quirúrgica desechable tipo IIR infantiles Soft Carrefour pack de 10 ud.,"Añadir
",https://www.carrefour.es/supermercado/parafarmacia/cat20008/c,,,,
2261,"
3,29 €","2,19 €/100ml",Suero fisiológico Carrefour 30 ud.,"Añadir
",https://www.carrefour.es/supermercado/parafarmacia/cat20008/c,,,,
2262,"
0,61 €","0,24 €/100ml",Agua oxigenada 10 volúmenes Carrefour 250 ml.,"Añadir
",https://www.carrefour.es/supermercado/parafarmacia/cat20008/c,,,,
2263,"
0,80 €","0,03 €/ud",Tiras adhesivas elásticas transpirables Carrefour 24 ud.,"Añadir
",https://www.carrefour.es/supermercado/parafarmacia/cat20008/c,,,,
