,precio_anterior,precio,precio_rel_ojo,producto,gluten,lactosa,link
0,"
2,05 €","1,95 €/kg",Tomate frito Orlando sin gluten pack de 3 briks de 350 g.,Sin gluten,Ver productos de la promocion,"Anadir
",https://www.carrefour.es/supermercado/la-despensa/cat20001/c?offset=24
1,"
2,67 €","4,11 €/l",Mayonesa Hellmann's sin gluten tarro 650 ml.,Sin gluten,Ver productos de la promocion,"Anadir
",https://www.carrefour.es/supermercado/la-despensa/cat20001/c?offset=48
2,"
2,35 €","2,12 €","5,34 €/kg
 | 
4,82 €/kg",Yogur griego con stracciatella Danone Oikos sin gluten pack de 4 unidades de 110 g.,Ver productos de la promocion,"Anadir
",https://www.carrefour.es/supermercado/la-despensa/cat20001/c?offset=48
3,"
3,99 €","13,30 €/kg",Pistacho tostado Carrefour bolsa de 300 g,Sin gluten,Ver productos de la promocion,"Anadir
",https://www.carrefour.es/supermercado/la-despensa/cat20001/c?offset=72
4,"
2,19 €","7,77 €/kg",Patatas fritas al punto de sal Lay's sin gluten y sin lactosa 282 g.,Sin gluten,Sin lactosa,"Agotado temporalmente
",https://www.carrefour.es/supermercado/la-despensa/cat20001/c?offset=72
5,"
2,19 €","4,98 €/kg",Yogur griego natural Danone Oikos sin gluten pack de 4 unidades de 110 g.,Sin gluten,Ver productos de la promocion,"Anadir
",https://www.carrefour.es/supermercado/la-despensa/cat20001/c?offset=72
6,"
0,99 €","2,83 €/kg",Tomate frito Hida sin gluten y sin lactosa lata 350 g.,Sin gluten,Sin lactosa,"Anadir
",https://www.carrefour.es/supermercado/la-despensa/cat20001/c?offset=120
7,"
0,99 €","3,30 €/kg",Tomate frito ecologico Carrefour Bio sin gluten 300 g.,Bio,Sin gluten,"Anadir
",https://www.carrefour.es/supermercado/la-despensa/cat20001/c?offset=120
8,"
1,69 €","2,82 €/kg",Tortilla de patatas con cebolla Carrefour Classic' sin gluten sin lactosa 600 g.,Sin gluten,Sin lactosa,"Anadir
",https://www.carrefour.es/supermercado/la-despensa/cat20001/c?offset=120
9,"
1,09 €","4,04 €/kg",Cuajada Danone sin gluten pack de 2 unidades de 135 g.,Sin gluten,Ver productos de la promocion,"Anadir
",https://www.carrefour.es/supermercado/la-despensa/cat20001/c?offset=144
10,"
3,24 €","9,26 €/kg",Pizza caprese fina y crujiente Forno di Pietra Buitoni 350 g.,Congelado,Ver productos de la promocion,"Anadir
",https://www.carrefour.es/supermercado/la-despensa/cat20001/c?offset=168
11,"
3,48 €","10,24 €/kg",Pizza quattro formaggi Ristorante Dr. Oetker 340 g.,Congelado,Ver productos de la promocion,"Anadir
",https://www.carrefour.es/supermercado/la-despensa/cat20001/c?offset=168
12,"
1,62 €","1,43 €","16,20 €/kg
 | 
14,30 €/kg",Conos de maiz Lay's 3D's 100 g.,Ver productos de la promocion,"Anadir
",https://www.carrefour.es/supermercado/la-despensa/cat20001/c?offset=168
13,"
2,19 €","4,98 €/kg",Yogur griego azucarado natural Danone Oikos sin gluten pack de 4 unidades de 110 g.,Sin gluten,Ver productos de la promocion,"Anadir
",https://www.carrefour.es/supermercado/la-despensa/cat20001/c?offset=192
14,"
3,24 €","9,26 €/kg",Pizza 4 quesos fina y crujiente Forno Di Pietra Buitoni 350 g.,Congelado,Ver productos de la promocion,"Anadir
",https://www.carrefour.es/supermercado/la-despensa/cat20001/c?offset=192
15,"
1,19 €","1,15 €","5,41 €/kg
 | 
5,23 €/kg",Copa de chocolate con nata Danone La Copa pack de 2 unidades de 110 g.,Ver productos de la promocion,"Anadir
",https://www.carrefour.es/supermercado/la-despensa/cat20001/c?offset=192
16,"
1,68 €","1,53 €","3,91 €/l
 | 
3,56 €/l",Ketchup Hellmann's envase 430 g.,Ver productos de la promocion,"Anadir
",https://www.carrefour.es/supermercado/la-despensa/cat20001/c?offset=192
17,"
3,24 €","9,97 €/kg",Pizza barbacoa fina y crujiente Forno di Pietra Buitoni 325 g.,Congelado,Ver productos de la promocion,"Anadir
",https://www.carrefour.es/supermercado/la-despensa/cat20001/c?offset=192
18,"
1,73 €","1,60 €","1,73 €/kg
 | 
1,60 €/kg",Arroz integral Sos 1 kg.,Ver productos de la promocion,"Anadir
",https://www.carrefour.es/supermercado/la-despensa/cat20001/c?offset=192
19,"
1,62 €","1,56 €","10,80 €/kg
 | 
10,40 €/kg",Aceitunas negras cacerenas sin hueso Serpis sin gluten y sin lactosa150 g.,Ver productos de la promocion,"Agotado temporalmente
",https://www.carrefour.es/supermercado/la-despensa/cat20001/c?offset=192
20,"
2,35 €","5,34 €/kg",Yogur griego con fresas Danone Oikos sin gluten pack de 4 unidades de 110 g.,Sin gluten,Ver productos de la promocion,"Anadir
",https://www.carrefour.es/supermercado/la-despensa/cat20001/c?offset=216
21,"
1,32 €","15,71 €/kg",Sardinas en aceite de oliva bajo en sal Calvo 84 g.,Sin lactosa,Ver productos de la promocion,"Anadir
",https://www.carrefour.es/supermercado/la-despensa/cat20001/c?offset=216
22,"
7,43 €","4,95 €/kg","Cacao soluble instantaneo Nestle Nesquik sin gluten y sin lactosa bolsa de 1,5 kg.",Sin gluten,Sin lactosa,"Anadir
",https://www.carrefour.es/supermercado/la-despensa/cat20001/c?offset=240
23,"
1,59 €","6,63 €/kg",Hummus tradicional Taste Realfooding Shukran sin gluten sin lactosa 240 g.,Sin gluten,Sin lactosa,"Anadir
",https://www.carrefour.es/supermercado/la-despensa/cat20001/c?offset=240
24,"
1,90 €","7,60 €/kg",Turron de yema tostada Carrefour Sensation sin gluten 250 g.,Sin gluten,Ver productos de la promocion,"Anadir
",https://www.carrefour.es/supermercado/la-despensa/cat20001/c?offset=240
25,"
0,80 €","1,60 €/kg",Churros lazo Carrefour sin lactosa 500 g.,Congelado,Sin lactosa,"Anadir
",https://www.carrefour.es/supermercado/la-despensa/cat20001/c?offset=264
26,"
3,48 €","10,55 €/kg",Pizza prosciutto Ristorante Dr. Oetker 330 g.,Congelado,Ver productos de la promocion,"Anadir
",https://www.carrefour.es/supermercado/la-despensa/cat20001/c?offset=264
27,"
1,99 €","1,79 €","7,24 €/kg
 | 
6,51 €/kg",Galletas Mini The Simpson Siro 275 g.,Ver productos de la promocion,"Anadir
",https://www.carrefour.es/supermercado/la-despensa/cat20001/c?offset=264
28,"
2,85 €","2,69 €","7,12 €/kg
 | 
6,72 €/kg",Peskitos Pescanova 400 g.,Ver productos de la promocion,"Agotado temporalmente
",https://www.carrefour.es/supermercado/la-despensa/cat20001/c?offset=264
29,"
1,66 €","3,69 €/l",Mayonesa Ybarra sin gluten y sin lactosa tarro 450 ml.,Sin gluten,Sin lactosa,"Anadir
",https://www.carrefour.es/supermercado/la-despensa/cat20001/c?offset=264
30,"
2,64 €","2,50 €","8,80 €/kg
 | 
8,33 €/kg",Figuritas de mazapan Carrefour Sensation 300 g.,Ver productos de la promocion,"Anadir
",https://www.carrefour.es/supermercado/la-despensa/cat20001/c?offset=264
31,"
1,54 €","3,85 €/kg",Harina de maiz fina Maizena sin gluten 400 g.,Sin gluten,Ver productos de la promocion,"Anadir
",https://www.carrefour.es/supermercado/la-despensa/cat20001/c?offset=288
32,"
3,29 €","3,15 €","13,16 €/kg
 | 
12,60 €/kg",Mantequilla facil de untar President 250 g.,Ver productos de la promocion,"Anadir
",https://www.carrefour.es/supermercado/la-despensa/cat20001/c?offset=288
33,"
4,05 €","3,75 €","4,05 €/kg
 | 
3,75 €/kg",Arroz bomba Sos 1 kg.,Ver productos de la promocion,"Anadir
",https://www.carrefour.es/supermercado/la-despensa/cat20001/c?offset=288
34,"
0,69 €","1,15 €/kg",Gelatina sabor fresa jellies Carrefour sin gluten pack de 6 unidades de 100 g.,Sin gluten,Sin lactosa,"Anadir
",https://www.carrefour.es/supermercado/la-despensa/cat20001/c?offset=312
35,"
2,29 €","5,20 €/kg",Yogur griego sabor lima limon Danone Oikos sin gluten pack de 4 unidades de 110 g.,Sin gluten,Ver productos de la promocion,"Anadir
",https://www.carrefour.es/supermercado/la-despensa/cat20001/c?offset=312
36,"
1,20 €","1,14 €","4,62 €/kg
 | 
4,38 €/kg",Arroz con leche Danone sin gluten pack de 2 unidades de 130 g.,Ver productos de la promocion,"Anadir
",https://www.carrefour.es/supermercado/la-despensa/cat20001/c?offset=312
37,"
5,99 €","4,28 €/kg",Yogur L.Casei liquido natural Danone Actimel pack de 14 unidades de 100 g.,Sin gluten,Ver productos de la promocion,"Anadir
",https://www.carrefour.es/supermercado/la-despensa/cat20001/c?offset=312
38,"
1,99 €","11,06 €/kg",Nachos sabor original Doritos Dippas sin gluten y sin lactosa 180 g.,Sin gluten,Sin lactosa,"Anadir
",https://www.carrefour.es/supermercado/la-despensa/cat20001/c?offset=312
39,"
1,69 €","3,93 €/kg",Lentejas a la riojana Litoral sin gluten y sin lactosa 430 g.,Sin gluten,Sin lactosa,"Anadir
",https://www.carrefour.es/supermercado/la-despensa/cat20001/c?offset=336
40,"
1,99 €","5,10 €/kg",Cacao soluble instantaneo Nestle Nesquik sin gluten y sin lactosa 390 g.,Sin gluten,Sin lactosa,"Anadir
",https://www.carrefour.es/supermercado/la-despensa/cat20001/c?offset=360
41,"
3,99 €","17,73 €/kg",Avellana repelada tostada sin sal Carrefour tarrina 225 g,Sin gluten,Ver productos de la promocion,"Anadir
",https://www.carrefour.es/supermercado/la-despensa/cat20001/c?offset=360
42,"
2,85 €","2,55 €","6,79 €/kg
 | 
6,07 €/kg",Guisantes tiernos y muy finos sin azucares anadidos Bonduelle pack de 3 unidades de 140 g.,Ver productos de la promocion,"Anadir
",https://www.carrefour.es/supermercado/la-despensa/cat20001/c?offset=360
43,"
1,37 €","8,56 €/kg",Patatas fritas al punto de sal Lay's sin gluten y sin lactosa 160 g.,Sin gluten,Sin lactosa,"Anadir
",https://www.carrefour.es/supermercado/la-despensa/cat20001/c?offset=360
44,"
2,25 €","1,80 €","5,62 €/kg
 | 
4,50 €/kg",Galletas Maria sin azucar Zero Gullon 400 g.,Ver productos de la promocion,"Anadir
",https://www.carrefour.es/supermercado/la-despensa/cat20001/c?offset=408
45,"
3,24 €","10,80 €/kg",Pizza carbonara fina y crujiente forno di pietra Buitoni 300 g.,Congelado,Ver productos de la promocion,"Anadir
",https://www.carrefour.es/supermercado/la-despensa/cat20001/c?offset=432
46,"
2,75 €","1,31 €/kg",Tomate frito Solis sin gluten y sin lactosa pack de 6 briks de 350 g.,Sin gluten,Sin lactosa,"Anadir
",https://www.carrefour.es/supermercado/la-despensa/cat20001/c?offset=432
47,"
2,40 €","2,15 €","16 €/kg
 | 
14,33 €/kg",Patatas fritas sal marina y trufa negra gourmet Lay's 150 g.,Ver productos de la promocion,"Anadir
",https://www.carrefour.es/supermercado/la-despensa/cat20001/c?offset=432
48,"
2,05 €","1,87 €","4,10 €/l
 | 
3,74 €/l","Crema de Alicia de calabaza, zanahoria y guisantes Knorr 500 ml.",Ver productos de la promocion,"Anadir
",https://www.carrefour.es/supermercado/la-despensa/cat20001/c?offset=432
49,"
2,09 €","1,90 €","17,42 €/kg
 | 
15,83 €/kg",Galletas rellena con crema de cacao Nocilla 120 g.,Ver productos de la promocion,"Anadir
",https://www.carrefour.es/supermercado/la-despensa/cat20001/c?offset=456
50,"
1,36 €","3,40 €/l",Mayonesa Ybarra sin gluten y sin lactosa envase 400 ml.,Sin gluten,Sin lactosa,"Anadir
",https://www.carrefour.es/supermercado/la-despensa/cat20001/c?offset=456
51,"
5,99 €","4,28 €/kg",Yogur liquido con fresa y platano Danone Actimel Kids sin gluten pack de 14 unidades de 100 g.,Sin gluten,Ver productos de la promocion,"Anadir
",https://www.carrefour.es/supermercado/la-despensa/cat20001/c?offset=480
52,"
1,83 €","9,15 €/kg",Turron de trufa Carrefour sin gluten 200 g.,Sin gluten,Ver productos de la promocion,"Agotado temporalmente
",https://www.carrefour.es/supermercado/la-despensa/cat20001/c?offset=480
53,"
2,35 €","11,75 €/kg",Turron trufado de crema catalana Carrefour sin gluten 200 g.,Sin gluten,Ver productos de la promocion,"Anadir
",https://www.carrefour.es/supermercado/la-despensa/cat20001/c?offset=504
54,"
3,48 €","9,80 €/kg",Pizza de atun Ristorante Dr. Oetker 355 g.,Congelado,Ver productos de la promocion,"Anadir
",https://www.carrefour.es/supermercado/la-despensa/cat20001/c?offset=504
55,"
3,48 €","10,24 €/kg",Pizza barbacoa Ristorante Dr. Oetker 340 g.,Congelado,Ver productos de la promocion,"Anadir
",https://www.carrefour.es/supermercado/la-despensa/cat20001/c?offset=504
56,"
1,99 €","1,75 €/kg",Tomate frito Helios sin gluten y sin lactosa pack de 2 tarros de 570 g.,Sin gluten,Sin lactosa,"Anadir
",https://www.carrefour.es/supermercado/la-despensa/cat20001/c?offset=504
57,"
2,09 €","4,18 €/kg",Preparado de soja natural con coco Alpro sin gluten sin lactosa 500 g.,Sin gluten,Sin lactosa,"Anadir
",https://www.carrefour.es/supermercado/la-despensa/cat20001/c?offset=528
58,"
2,89 €","18,53 €/kg",Atun claro en aceite de oliva Calvo sin lactosa pack de 3 unidades de 52 g.,Sin lactosa,Ver productos de la promocion,"Anadir
",https://www.carrefour.es/supermercado/la-despensa/cat20001/c?offset=528
59,"
3,99 €","3,79 €","63,33 €/kg
 | 
60,16 €/kg",Berberechos al natural Cabo de Penas 63 g.,Ver productos de la promocion,"Anadir
",https://www.carrefour.es/supermercado/la-despensa/cat20001/c?offset=528
60,"
2,15 €","7,62 €/kg",Patatas fritas Ruffles sin gluten y sin lactosa 282 g.,Sin gluten,Sin lactosa,"Anadir
",https://www.carrefour.es/supermercado/la-despensa/cat20001/c?offset=528
61,"
1,99 €","9,95 €/kg",Crema de berenjenas asadas Mutabal Realfooding Shukran 200 g.,Sin gluten,Sin lactosa,"Anadir
",https://www.carrefour.es/supermercado/la-despensa/cat20001/c?offset=552
62,"
1,06 €","3,21 €/kg",Mostaza original Prima envase 330 g.,Sin gluten,Ver productos de la promocion,"Anadir
",https://www.carrefour.es/supermercado/la-despensa/cat20001/c?offset=552
63,"
5,25 €","4,65 €","6,25 €/kg
 | 
5,54 €/kg",Maiz Bonduelle pack de 6x140 g.,Ver productos de la promocion,"Anadir
",https://www.carrefour.es/supermercado/la-despensa/cat20001/c?offset=552
64,"
3,99 €","15,96 €/kg",Coctel frutos secos extra Carrefour tarrina 250 g,Sin gluten,Ver productos de la promocion,"Anadir
",https://www.carrefour.es/supermercado/la-despensa/cat20001/c?offset=552
65,"
1,15 €","5,75 €/l",Nata para cocinar Central Lechera Asturiana sin gluten sin lactosa 200 ml.,Sin gluten,Sin lactosa,"Anadir
",https://www.carrefour.es/supermercado/la-despensa/cat20001/c?offset=576
66,"
3,20 €","2,75 €","18,82 €/kg
 | 
16,18 €/kg",Gyoza de carne al vapor Ta-Tung 170 g.,Ver productos de la promocion,"Anadir
",https://www.carrefour.es/supermercado/la-despensa/cat20001/c?offset=576
67,"
1,46 €","4,17 €/kg",Pisto fritada de verduras Hida 350 g.,Sin gluten,Sin lactosa,"Anadir
",https://www.carrefour.es/supermercado/la-despensa/cat20001/c?offset=576
68,"
2,29 €","5,20 €/kg",Yogur griego sabor fresa Danone Oikos sin gluten pack de 4 unidades de 110 g.,Sin gluten,Ver productos de la promocion,"Anadir
",https://www.carrefour.es/supermercado/la-despensa/cat20001/c?offset=576
69,"
4,78 €","3,95 €","19,12 €/kg
 | 
15,80 €/kg",Turron blando El Almendro sin gluten 250 g.,Sin gluten,"Anadir
",https://www.carrefour.es/supermercado/la-despensa/cat20001/c?offset=600
70,"
1,59 €","6,36 €/kg",Turron de coco Sensation Carrefour sin gluten 250 g.,Sin gluten,Ver productos de la promocion,"Anadir
",https://www.carrefour.es/supermercado/la-despensa/cat20001/c?offset=600
71,"
3,24 €",9 €/kg,Pizza de atun fina y crujiente Forno Di Pietra Buitoni 360 g.,Congelado,Ver productos de la promocion,"Anadir
",https://www.carrefour.es/supermercado/la-despensa/cat20001/c?offset=600
72,"
20,54 €","4,11 €/kg","Cacao soluble instantaneo Nestle Nesquik sin gluten 5,70 Kg.",Sin gluten,Sin lactosa,"Anadir
",https://www.carrefour.es/supermercado/la-despensa/cat20001/c?offset=624
73,"
2,49 €","2,29 €","15,56 €/kg
 | 
14,31 €/kg",Galletas rellenas con crema de cacao Nocilla sin aceite de palma 160 g.,Ver productos de la promocion,"Anadir
",https://www.carrefour.es/supermercado/la-despensa/cat20001/c?offset=624
74,"
1,55 €","5,17 €/kg",Tomate frito estilo casero Solis sin gluten y sin lactosa pack 3 unidades de 100 g.,Sin gluten,Sin lactosa,"Anadir
",https://www.carrefour.es/supermercado/la-despensa/cat20001/c?offset=624
75,"
3,24 €","9,26 €/kg",Pizza de jamon y champinones fina y crujiente Forno Di Pietra Buitoni 350 g.,Congelado,Ver productos de la promocion,"Anadir
",https://www.carrefour.es/supermercado/la-despensa/cat20001/c?offset=624
76,"
1,48 €","8,22 €/kg",Natilla de chocolate alta en proteinas Valio Profeel Protein sin gluten sin lactosa 180 g.,Sin gluten,Sin lactosa,"Anadir
",https://www.carrefour.es/supermercado/la-despensa/cat20001/c?offset=648
77,"
4,78 €","19,12 €/kg",Turron blando Delaviuda sin gluten 250 g.,Sin gluten,Ver productos de la promocion,"Anadir
",https://www.carrefour.es/supermercado/la-despensa/cat20001/c?offset=672
78,"
1,60 €","4,71 €/kg",Tomate frito ecologico Carrefour Bio sin gluten tarro 340 g.,Bio,Sin gluten,"Anadir
",https://www.carrefour.es/supermercado/la-despensa/cat20001/c?offset=672
79,"
4,78 €","3,95 €","19,12 €/kg
 | 
15,80 €/kg",Turron duro El Almendro sin gluten 250 g.,Sin gluten,"Anadir
",https://www.carrefour.es/supermercado/la-despensa/cat20001/c?offset=696
80,"
4,09 €","3,95 €","6,06 €/kg
 | 
5,85 €/kg",Cereales integrales con chocolate y caramelo Lion Nestle 675 g.,Ver productos de la promocion,"Anadir
",https://www.carrefour.es/supermercado/la-despensa/cat20001/c?offset=696
81,"
1,83 €","1,63 €","5,63 €/kg
 | 
5,02 €/kg",Salsa barbacoa sin azucar anadido Cero Prima sin gluten 325 g.,Ver productos de la promocion,"Anadir
",https://www.carrefour.es/supermercado/la-despensa/cat20001/c?offset=696
82,"
1,49 €","1,49 €/kg",Harina de trigo ecologica Carrefour 1 kg.,Bio,Sin lactosa,"Anadir
",https://www.carrefour.es/supermercado/la-despensa/cat20001/c?offset=696
83,"
2,09 €","10,45 €/kg",Hummus de trufa con aceite de oliva virgen extra Shukran sin gluten sin lactosa 200 g.,Sin gluten,Sin lactosa,"Anadir
",https://www.carrefour.es/supermercado/la-despensa/cat20001/c?offset=696
84,"
2,99 €","2,99 €/kg",Copos suaves de avenaintegral sin azucares anadidos ecologicos Ecocesta 1 kg.,Bio,Ver productos de la promocion,"Anadir
",https://www.carrefour.es/supermercado/la-despensa/cat20001/c?offset=720
85,"
1,52 €","25,33 €/kg",Sardinillas en aceite de oliva Calvo 60 g.,Sin lactosa,Ver productos de la promocion,"Anadir
",https://www.carrefour.es/supermercado/la-despensa/cat20001/c?offset=720
86,"
1,34 €","12,41 €/kg",Caldo vegetal con un toque de aceite de oliva virgen extra Knorr sin gluten 12 pastillas,Sin gluten,Ver productos de la promocion,"Anadir
",https://www.carrefour.es/supermercado/la-despensa/cat20001/c?offset=720
87,"
0,99 €","1,24 €/kg",Tomate natural triturado extra Orlando 800 g.,Sin gluten,Sin lactosa,"Anadir
",https://www.carrefour.es/supermercado/la-despensa/cat20001/c?offset=744
88,"
3,79 €","24,29 €/kg",Atun claro en aceite de oliva virgen extra Calvo sin lactosa pack de 3 latas de 52 g.,Sin lactosa,Ver productos de la promocion,"Anadir
",https://www.carrefour.es/supermercado/la-despensa/cat20001/c?offset=744
89,"
1,89 €","7,56 €/kg",Turron de mazapan con frutas Carrefour Sensation sin gluten 250 g.,Sin gluten,Ver productos de la promocion,"Anadir
",https://www.carrefour.es/supermercado/la-despensa/cat20001/c?offset=768
90,"
2,29 €","20,82 €/kg",Yogur griego de vainilla Danone Oikos pack de 4 unidades de 110 g,Sin gluten,Ver productos de la promocion,"Anadir
",https://www.carrefour.es/supermercado/la-despensa/cat20001/c?offset=768
91,"
0,99 €","0,99 €/l",Bebida de soja sin azucar anadido ecologica Carrefour Bio sin gluten Brik 1 l.,Bio,Sin gluten,"Anadir
",https://www.carrefour.es/supermercado/la-despensa/cat20001/c?offset=768
92,"
3,48 €","10,39 €/kg",Pizza mozzarella Ristorante Dr. Oetker 335 g.,Congelado,Ver productos de la promocion,"Anadir
",https://www.carrefour.es/supermercado/la-despensa/cat20001/c?offset=792
93,"
2,89 €","2,69 €","6,88 €/kg
 | 
6,40 €/kg",Cereales integrales Golden Grahams Nestle 420 g.,Ver productos de la promocion,"Anadir
",https://www.carrefour.es/supermercado/la-despensa/cat20001/c?offset=792
94,"
3,48 €","8,92 €/kg",Pizza de espinaca Ristorante Dr. Oetker 390 g.,Congelado,Ver productos de la promocion,"Anadir
",https://www.carrefour.es/supermercado/la-despensa/cat20001/c?offset=792
95,"
2,09 €","1,99 €","3,48 €/kg
 | 
3,32 €/kg",Ketchup Prima envase 600 g.,Ver productos de la promocion,"Anadir
",https://www.carrefour.es/supermercado/la-despensa/cat20001/c?offset=816
96,"
5,49 €","8,32 €/kg",Lasana bolonesa Recetas Artesanas La Cocinera 660 g.,Congelado,Ver productos de la promocion,"Anadir
",https://www.carrefour.es/supermercado/la-despensa/cat20001/c?offset=816
97,"
2,35 €","11,75 €/kg",Turron trufado de chocolate con guindas al licor Carrefour sin gluten 200 g.,Sin gluten,Ver productos de la promocion,"Anadir
",https://www.carrefour.es/supermercado/la-despensa/cat20001/c?offset=816
98,"
2,59 €","10,36 €/kg",Pannini barbacoa Dr. Oetker 250 g.,Congelado,Ver productos de la promocion,"Anadir
",https://www.carrefour.es/supermercado/la-despensa/cat20001/c?offset=816
99,"
3,24 €","9,26 €/kg",Pizza de pollo y verduras fina y crujiente Forno di Pietra Buitoni 350 g.,Congelado,Ver productos de la promocion,"Anadir
",https://www.carrefour.es/supermercado/la-despensa/cat20001/c?offset=816
100,"
4,99 €","7,13 €/kg",Nuez con cascara Carrefour bolsa de 700 g,Sin gluten,Ver productos de la promocion,"Anadir
",https://www.carrefour.es/supermercado/la-despensa/cat20001/c?offset=840
101,"
0,90 €","1,50 €/kg",Gelatina light sabor fresa sin azucar anadido Carrefour sin gluten pack de 6 unidades de 100 g.,Sin gluten,Sin lactosa,"Anadir
",https://www.carrefour.es/supermercado/la-despensa/cat20001/c?offset=840
102,"
1,09 €","1,09 €/l",Leche semidesnatada Puleva sin gluten sin lactosa botella 1 l.,Sin gluten,Sin lactosa,"Anadir
",https://www.carrefour.es/supermercado/la-despensa/cat20001/c?offset=840
103,"
2,99 €","19,93 €/kg",Coctel frutos secos sin sal Carrefour tarrina 150 g,Sin gluten,Ver productos de la promocion,"Anadir
",https://www.carrefour.es/supermercado/la-despensa/cat20001/c?offset=864
104,"
1,89 €","1,74 €","31,50 €/kg
 | 
29 €/kg",Ajo en polvo Carmencita sin gluten 60 g.,Ver productos de la promocion,"Anadir
",https://www.carrefour.es/supermercado/la-despensa/cat20001/c?offset=888
105,"
3,70 €","3,70 €/l",Caldo natural de pollo Aneto sin gluten y sin lactosa brik 1 l.,Sin gluten,Sin lactosa,"Anadir
",https://www.carrefour.es/supermercado/la-despensa/cat20001/c?offset=888
106,"
1,62 €","6,48 €/kg",Tofu ahumado ecologico Soria Natural sin gluten 250 g.,Bio,Ver productos de la promocion,"Anadir
",https://www.carrefour.es/supermercado/la-despensa/cat20001/c?offset=888
107,"
1,58 €","1,48 €","22,90 €/kg
 | 
21,45 €/kg","Sopa Thai de fideos, setas y coco Knorr 69 g.",Ver productos de la promocion,"Anadir
",https://www.carrefour.es/supermercado/la-despensa/cat20001/c?offset=888
108,"
2,59 €","10,36 €/kg",Pannini 4 quesos Dr. Oetker 250 g.,Congelado,Ver productos de la promocion,"Anadir
",https://www.carrefour.es/supermercado/la-despensa/cat20001/c?offset=912
109,"
4,35 €","10,87 €/kg",Filetes de merluza al huevo Pescanova sin gluten 400 g.,Congelado,Sin gluten,"Anadir
",https://www.carrefour.es/supermercado/la-despensa/cat20001/c?offset=912
110,"
2,69 €","2,45 €","9,75 €/kg
 | 
8,88 €/kg",Tortellini de ricotta y espinacas Buitoni 276 g.,Ver productos de la promocion,"Anadir
",https://www.carrefour.es/supermercado/la-despensa/cat20001/c?offset=912
111,"
3,19 €","3,10 €","7,97 €/kg
 | 
7,75 €/kg",Surtido de pastas artesanas Reglero 400 g.,Ver productos de la promocion,"Anadir
",https://www.carrefour.es/supermercado/la-despensa/cat20001/c?offset=912
112,"
2,25 €","2,09 €","27,44 €/kg
 | 
25,49 €/kg",Sardinillas en aceite de oliva Albo 82 g.,Ver productos de la promocion,"Anadir
",https://www.carrefour.es/supermercado/la-despensa/cat20001/c?offset=912
113,"
1,52 €","2,30 €/kg",Tomate triturado primera ecologico Carrefour Bio sin gluten 660 g.,Bio,Sin gluten,"Anadir
",https://www.carrefour.es/supermercado/la-despensa/cat20001/c?offset=912
114,"
4,19 €","0,70 €/ud","Mini bombon helado sabor clasico, almendras y chocolate blanco Magnum sin gluten 8 ud.",Congelado,Ver productos de la promocion,"Anadir
",https://www.carrefour.es/supermercado/la-despensa/cat20001/c?offset=912
115,"
2,25 €","2,09 €","3,95 €/kg
 | 
3,67 €/kg",Ketchup cero Prima sin gluten envase 570 g.,Ver productos de la promocion,"Anadir
",https://www.carrefour.es/supermercado/la-despensa/cat20001/c?offset=936
116,"
1,09 €","4,04 €/kg",Cuajada azucarada Danone sin gluten pack de 2 unidades de 135 g.,Sin gluten,Ver productos de la promocion,"Anadir
",https://www.carrefour.es/supermercado/la-despensa/cat20001/c?offset=936
117,"
1,99 €","7,96 €/kg",Turron de nata con nueces Carrefour Sensation sin gluten 250 g.,Sin gluten,Ver productos de la promocion,"Anadir
",https://www.carrefour.es/supermercado/la-despensa/cat20001/c?offset=960
118,"
5,05 €","4,65 €","25,25 €/kg
 | 
23,25 €/kg",Chocolate negro 85% Lindt Excellence pack de 2 tabletas de 100 g.,Ver productos de la promocion,"Anadir
",https://www.carrefour.es/supermercado/la-despensa/cat20001/c?offset=960
119,"
0,88 €","5,87 €/kg",Aceitunas rellenas de pimientos Carrefour sin gluten y sin lactosa 150 g.,Sin gluten,Sin lactosa,"Anadir
",https://www.carrefour.es/supermercado/la-despensa/cat20001/c?offset=960
120,"
1,77 €","1,70 €","4,42 €/l
 | 
4,25 €/l",Mayonesa Prima envase 400 ml.,Ver productos de la promocion,"Anadir
",https://www.carrefour.es/supermercado/la-despensa/cat20001/c?offset=984
121,"
1,69 €","2,82 €/kg",Tortilla de patatas Carrefour Classic' sin gluten sin lactosa 600 g.,Sin gluten,Sin lactosa,"Anadir
",https://www.carrefour.es/supermercado/la-despensa/cat20001/c?offset=984
122,"
5,05 €","10,10 €/kg",Corazones de filete de merluza ultracongelados Pescanova 500 g.,Congelado,Ver productos de la promocion,"Anadir
",https://www.carrefour.es/supermercado/productos-frescos/cat20002/c?offset=72
123,"
3,50 €","9,72 €/kg",Hamburguesa de vacuno Master de lomo Extremadura El Encinar de la Humienta 2x180 g,Sin gluten,Sin lactosa,"Anadir
",https://www.carrefour.es/supermercado/productos-frescos/cat20002/c?offset=72
124,"
1,79 €","6,39 €/kg",Chorizo extra dulce Carrefour sin gluten sin lactosa 280 g.,Sin gluten,Sin lactosa,"Anadir
",https://www.carrefour.es/supermercado/productos-frescos/cat20002/c?offset=72
125,"
2,27 €","5,05 €/kg",Preparado para cocido Carrefour 450 g aprox,Sin gluten,Sin lactosa,"Anadir
",https://www.carrefour.es/supermercado/productos-frescos/cat20002/c?offset=96
126,"
2,15 €","2,15 €/ud",Longaniza fresca de pollo Carrefour 400 g,Sin gluten,Sin lactosa,"Anadir
",https://www.carrefour.es/supermercado/productos-frescos/cat20002/c?offset=120
127,"
1,63 €","7,24 €/kg",Jamon york el lonchas sandwich El Pozo sin gluten sin lactosa 225 g.,Sin gluten,Sin lactosa,"Anadir
",https://www.carrefour.es/supermercado/productos-frescos/cat20002/c?offset=144
128,"
3,39 €","3,39 €/ud",Hamburguesa de pollo Carrefour 6x90 g,Sin gluten,Sin lactosa,"Anadir
",https://www.carrefour.es/supermercado/productos-frescos/cat20002/c?offset=168
129,"
4,49 €","22,45 €/kg",Lomo Iberico de cerdo adobado 200 g,Sin gluten,Sin lactosa,"Anadir
",https://www.carrefour.es/supermercado/productos-frescos/cat20002/c?offset=168
130,"
2,99 €","2,99 €/ud",Carne picada de pollo Carrefour 400 g,Sin gluten,Sin lactosa,"Anadir
",https://www.carrefour.es/supermercado/productos-frescos/cat20002/c?offset=192
131,"
1,89 €","1,85 €","1,89 €/kg
 | 
1,85 €/kg",Cebolla ecologica Carrefour Bio 1 kg,Bio,"Anadir
",https://www.carrefour.es/supermercado/productos-frescos/cat20002/c?offset=192
132,"
3,25 €","3,25 €/ud",Hamburguesa mixta vacuno y cerdo Carrefour 6x90 g,Sin gluten,Sin lactosa,"Anadir
",https://www.carrefour.es/supermercado/productos-frescos/cat20002/c?offset=216
133,"
1,79 €","6,39 €/kg",Chorizo extra picante Carrefour sin gluten sin lactosa 280 g.,Sin gluten,Sin lactosa,"Anadir
",https://www.carrefour.es/supermercado/productos-frescos/cat20002/c?offset=240
134,"
5,05 €","14,03 €/kg",Lomos de merluza ultracongelados Pescanova 400 g.,Congelado,Ver productos de la promocion,"Anadir
",https://www.carrefour.es/supermercado/productos-frescos/cat20002/c?offset=240
135,"
0,80 €","1,60 €/kg",Churros lazo Carrefour sin lactosa 500 g.,Congelado,Sin lactosa,"Anadir
",https://www.carrefour.es/supermercado/productos-frescos/cat20002/c?offset=240
136,"
4,49 €","18,71 €/kg",Queso tierno en porciones Mini Babybel sin gluten sin lactosa 240 g.,Sin gluten,Sin lactosa,"Anadir
",https://www.carrefour.es/supermercado/productos-frescos/cat20002/c?offset=264
137,"
3,98 €","3,49 €","9,95 €/kg
 | 
8,72 €/kg",Picada de vacuno ecologico Carrefour Bio 400 g,Bio,"Anadir
",https://www.carrefour.es/supermercado/productos-frescos/cat20002/c?offset=288
138,"
3,20 €",10 €/kg,Pechuga de pavo fileteada marinada al ajillo Carrefour sin gluten y sin lactosa 320 g aprox,Sin gluten,Sin lactosa,"Anadir
",https://www.carrefour.es/supermercado/productos-frescos/cat20002/c?offset=288
139,"
3,28 €","21,90 €/kg","Centro jamon serrano Gran Reserva Carrefour al corte 150 g aprox
Tipo de corte:
Loncha fina 1mm",Loncha gruesa 3/4mm,Loncha normal 2/3mm,"Anadir
",https://www.carrefour.es/supermercado/productos-frescos/cat20002/c?offset=312
140,"
4,60 €","13,14 €/kg",Salchichas frescas de pollo de corral Coren 350 g,Sin gluten,Sin lactosa,"Anadir
",https://www.carrefour.es/supermercado/productos-frescos/cat20002/c?offset=312
141,"
3,09 €","12,36 €/kg",Hamburguesas de pollo de corral sin gluten y sin lactosa Coren 2x125 g,Sin gluten,Sin lactosa,"Anadir
",https://www.carrefour.es/supermercado/productos-frescos/cat20002/c?offset=312
142,"
14,95 €","29,90 €/kg","Solomillo de vacuno 500 g aprox
Tipo de corte:
Entero",Filetes,Filete grueso 2 cm,"Anadir
",https://www.carrefour.es/supermercado/productos-frescos/cat20002/c?offset=312
143,"
3,69 €","3,59 €","8,87 €/kg
 | 
8,63 €/kg",Berlina Glace Donuts 8 ud.,Ver productos de la promocion,"Agotado temporalmente
",https://www.carrefour.es/supermercado/productos-frescos/cat20002/c?offset=336
144,"
4 €","11,76 €/kg",Fuet extra Embutidos Noel 2 ud de 170 g,Sin gluten,Ver productos de la promocion,"Agotado temporalmente
",https://www.carrefour.es/supermercado/productos-frescos/cat20002/c?offset=336
145,"
1,99 €","18,09 €/kg",Jamon cocido premium Delizias Noel sin gluten y sin lactosa 110 g,Sin gluten,Sin lactosa,"Anadir
",https://www.carrefour.es/supermercado/productos-frescos/cat20002/c?offset=336
146,"
1,91 €","1,78 €","16,61 €/kg
 | 
15,48 €/kg",Jamon cocido braseado Campofrio Finissimas sin gluten 115 g.,Ver productos de la promocion,"Anadir
",https://www.carrefour.es/supermercado/productos-frescos/cat20002/c?offset=360
147,"
1,89 €","6,75 €/kg",Chorizo sarta extra dulce Carrefour sin gluten y sin lactosa 280 g,Sin gluten,Sin lactosa,"Anadir
",https://www.carrefour.es/supermercado/productos-frescos/cat20002/c?offset=384
148,"
5,45 €","54,50 €/kg",Jamon de cebo iberico 50% raza iberica 100 g,Sin gluten,Sin lactosa,"Anadir
",https://www.carrefour.es/supermercado/productos-frescos/cat20002/c?offset=408
149,"
8,39 €","8,15 €","11,99 €/kg
 | 
11,64 €/kg",Gambon extra grande crudo Carrefour 700 g.,Congelado,"Anadir
",https://www.carrefour.es/supermercado/productos-frescos/cat20002/c?offset=408
150,"
3,15 €",21 €/kg,Pate de pato superior Martiko sin gluten pack de 2 unidades de 75 g.,Sin gluten,Ver productos de la promocion,"Anadir
",https://www.carrefour.es/supermercado/productos-frescos/cat20002/c?offset=432
151,"
13,99 €","11,89 €","13,99 €/kg
 | 
11,89 €/kg","Chuleton de vacuno 1 Kg aprox
Tipo de corte:
Filete grueso 2 cm",Filete normal 1 cm,"Anadir
",https://www.carrefour.es/supermercado/productos-frescos/cat20002/c?offset=432
152,"
1,50 €","12,50 €/kg",Jamon cocido extra en lonchas Edicion 1954 ElPozo sin gluten sin lactosa 120 g.,Sin gluten,Sin lactosa,"Anadir
",https://www.carrefour.es/supermercado/productos-frescos/cat20002/c?offset=432
153,"
5,99 €","12,48 €/kg",Barritas de surimi 480 g,Sin gluten,Ver productos de la promocion,"Anadir
",https://www.carrefour.es/supermercado/productos-frescos/cat20002/c?offset=432
154,"
3,09 €","9,09 €/kg",Pechuga de pavo sin gras El Pozo Bienstar sin gluten sin lactosa 340 gh.,Sin gluten,Sin lactosa,"Anadir
",https://www.carrefour.es/supermercado/productos-frescos/cat20002/c?offset=432
155,"
3,05 €","4,69 €/kg",Longaniza blanca de cerdo fresca ElPozo 650 g,Sin gluten,Sin lactosa,"Anadir
",https://www.carrefour.es/supermercado/productos-frescos/cat20002/c?offset=432
156,"
2,59 €","2,39 €","17,27 €/kg
 | 
15,93 €/kg",Queso rallado mozzarella Arla 150 g.,Ver productos de la promocion,"Anadir
",https://www.carrefour.es/supermercado/productos-frescos/cat20002/c?offset=456
157,"
1,99 €","3,32 €/kg",Guisantes ecologico Carrefor Bio 600 g.,Bio,Congelado,"Anadir
",https://www.carrefour.es/supermercado/productos-frescos/cat20002/c?offset=456
158,"
4,45 €","8,90 €/kg",Medallones de pechuga de pavo marinado a las finas hierbas,Sin gluten,Sin lactosa,"Anadir
",https://www.carrefour.es/supermercado/productos-frescos/cat20002/c?offset=456
159,"
14,25 €","13,99 €","17,81 €/kg
 | 
17,49 €/kg",Langostino cocido extra Pescanova 800 g.,Ver productos de la promocion,"Anadir
",https://www.carrefour.es/supermercado/productos-frescos/cat20002/c?offset=480
160,"
125 €",105 €,"16,67 €/kg
 | 
14 €/kg",Jamon de cebo iberico 50% raza iberica El Lujo sin lactosa pieza de 7 kg,Sin lactosa,"Anadir
",https://www.carrefour.es/supermercado/productos-frescos/cat20002/c?offset=480
161,"
3,39 €","3,20 €","16,95 €/kg
 | 
16 €/kg",Queso tierno en lonchas El Ventero 200 g.,Ver productos de la promocion,"Anadir
",https://www.carrefour.es/supermercado/productos-frescos/cat20002/c?offset=480
162,"
3,69 €","3,59 €","8,39 €/kg
 | 
8,16 €/kg",Berlinas bombon Donuts 8 ud.,Ver productos de la promocion,"Anadir
",https://www.carrefour.es/supermercado/productos-frescos/cat20002/c?offset=480
163,"
14,25 €","13,99 €","17,81 €/kg
 | 
17,49 €/kg",Langostino extra crudo Pescanova 800 g.,Ver productos de la promocion,"Anadir
",https://www.carrefour.es/supermercado/productos-frescos/cat20002/c?offset=504
164,"
0,87 €","5,44 €/kg",Pate a las finas hierbas Classic Carrefour sin gluten y sin lactosa 160 g.,Sin gluten,Sin lactosa,"Anadir
",https://www.carrefour.es/supermercado/productos-frescos/cat20002/c?offset=528
165,"
1,69 €","11,25 €/kg","Queso tierno barra Larsa al corte 150 g aprox
Tipo de corte:
Loncha fina 1mm",Loncha gruesa 3/4mm,Loncha normal 2/3mm,"Anadir
",https://www.carrefour.es/supermercado/productos-frescos/cat20002/c?offset=528
166,"
1,85 €","12,33 €/kg",Salchichon de pavo extra Carrefour sin gluten pack de 2 unidades de 75 g.,Sin gluten,Sin lactosa,"Anadir
",https://www.carrefour.es/supermercado/productos-frescos/cat20002/c?offset=552
167,"
1,99 €","19,90 €/kg",Salchichon extra 50% raza duroc en finas lonchas Boadas sin gluten 100 g,Sin gluten,Ver productos de la promocion,"Anadir
",https://www.carrefour.es/supermercado/productos-frescos/cat20002/c?offset=552
168,"
1,99 €","1,89 €","13,27 €/kg
 | 
12,60 €/kg",Queso de untar con finas hierbas Philadelphia 150 g.,Ver productos de la promocion,"Anadir
",https://www.carrefour.es/supermercado/productos-frescos/cat20002/c?offset=576
169,"
2,59 €","25,90 €/kg",Cecina loncheada Palcarsa sin gluten y sin lactosa 100 g,Sin gluten,Sin lactosa,"Anadir
",https://www.carrefour.es/supermercado/productos-frescos/cat20002/c?offset=576
170,"
1,55 €","7,75 €/kg",Pechuga de pollo en lonchas finas Carrefour sin gluten y sin lactosa 200 g,Sin gluten,Sin lactosa,"Anadir
",https://www.carrefour.es/supermercado/productos-frescos/cat20002/c?offset=576
171,"
1,64 €","8,20 €/kg",Mini hamburguesa de pollo sin gluten y sin lactosa 200 g,Sin gluten,Sin lactosa,"Anadir
",https://www.carrefour.es/supermercado/productos-frescos/cat20002/c?offset=576
172,"
0,90 €","5,62 €/kg",Pate a la pimienta Classic Carrefour sin gluten y sin lactosa 160 g.,Sin gluten,Sin lactosa,"Anadir
",https://www.carrefour.es/supermercado/productos-frescos/cat20002/c?offset=576
173,"
1 €","9,09 €/kg",Jamon cocido en lonchas El Pozo sin gluten sin lactosa 110 g.,Sin gluten,Sin lactosa,"Anadir
",https://www.carrefour.es/supermercado/productos-frescos/cat20002/c?offset=600
174,"
1,67 €","1,56 €","27,83 €/kg
 | 
26 €/kg",Queso rallado Grana Padano Galbani 60 g.,Ver productos de la promocion,"Anadir
",https://www.carrefour.es/supermercado/productos-frescos/cat20002/c?offset=624
175,"
1,20 €","2,67 €/kg",Cebolla laminada ecologica Carrefour Bio 450 g.,Bio,Congelado,"Anadir
",https://www.carrefour.es/supermercado/productos-frescos/cat20002/c?offset=624
176,"
3,15 €","2,68 €","21 €/kg
 | 
17,87 €/kg",Pate de oca superior Martiko sin gluten pack de 2 unidades de 75 g.,Ver productos de la promocion,"Anadir
",https://www.carrefour.es/supermercado/productos-frescos/cat20002/c?offset=624
177,"
1,89 €","6,75 €/kg",Chorizo sarta curado picante Carrefour sin guten y sin lactosa 280 g,Sin gluten,Sin lactosa,"Anadir
",https://www.carrefour.es/supermercado/productos-frescos/cat20002/c?offset=648
178,"
2,50 €","0,42 €/ud",Hamburguesa de cerdo Carrefour 6x90 g,Sin gluten,Sin lactosa,"Anadir
",https://www.carrefour.es/supermercado/productos-frescos/cat20002/c?offset=648
179,"
1,99 €","13,27 €/kg",Chorizo de pavo extra Carrefour sin gluten sin lactosa pack de 2 unidades de 75 g.,Sin gluten,Sin lactosa,"Anadir
",https://www.carrefour.es/supermercado/productos-frescos/cat20002/c?offset=648
180,"
3,29 €","3,20 €","16,45 €/kg
 | 
16 €/kg",Queso tierno light en lonchas El Ventero 200 g.,Ver productos de la promocion,"Anadir
",https://www.carrefour.es/supermercado/productos-frescos/cat20002/c?offset=648
181,"
2,29 €","2,25 €","15,27 €/kg
 | 
15 €/kg",Queso en lonchas mozzarella en lonchas Arla 150 g.,Ver productos de la promocion,"Anadir
",https://www.carrefour.es/supermercado/productos-frescos/cat20002/c?offset=648
182,"
2,99 €","7,48 €/kg",Morcilla de cebolla sin aditivos Carrefour 400 g,Sin gluten,Sin lactosa,"Anadir
",https://www.carrefour.es/supermercado/productos-frescos/cat20002/c?offset=672
183,"
1,99 €","18,09 €/kg",Pechuga de pavo en lonchas Noel - Delizias sin gluten y sin lactosa 110 g,Sin gluten,Sin lactosa,"Anadir
",https://www.carrefour.es/supermercado/productos-frescos/cat20002/c?offset=672
184,"
3,55 €","10,44 €/kg",Salchichas Frankfurt aleman Schara sin gluten sin lactosa 340 g.,Sin gluten,Sin lactosa,"Anadir
",https://www.carrefour.es/supermercado/productos-frescos/cat20002/c?offset=672
185,"
3,49 €","8,72 €/kg",Carne picada de cerdo Iberico Legado ElPozo 400 g,Sin gluten,Sin lactosa,"Anadir
",https://www.carrefour.es/supermercado/productos-frescos/cat20002/c?offset=696
186,"
1,89 €","12,60 €/kg",Pollo asado al horno relleno loncheado Carlotena envase 150 g,Sin gluten,Ver productos de la promocion,"Anadir
",https://www.carrefour.es/supermercado/productos-frescos/cat20002/c?offset=696
187,"
1,85 €","7,71 €/kg",Hamburguesa de vacuno raza frisona El Encinar de Humienta 240 g,Sin gluten,Sin lactosa,"Anadir
",https://www.carrefour.es/supermercado/productos-frescos/cat20002/c?offset=696
188,"
2,39 €","7,24 €/kg",Magro de cerdo adobado El Pozo 330 g,Sin gluten,Sin lactosa,"Anadir
",https://www.carrefour.es/supermercado/productos-frescos/cat20002/c?offset=720
189,"
9,39 €","8,95 €","52,17 €/kg
 | 
49,72 €/kg",Salmon ahumado noruego Royal Duo pack de 2 unidades de 90 g.,Ver productos de la promocion,"Anadir
",https://www.carrefour.es/supermercado/productos-frescos/cat20002/c?offset=720
190,"
8,20 €","7,80 €","20,49 €/kg
 | 
19,50 €/kg",Pechuga de pollo ecologica Carrefour Bio 400 g,Bio,"Anadir
",https://www.carrefour.es/supermercado/productos-frescos/cat20002/c?offset=720
191,"
1,99 €","1,89 €","13,27 €/kg
 | 
12,60 €/kg",Queso de untar con salmon Philadelphia 150 g.,Ver productos de la promocion,"Anadir
",https://www.carrefour.es/supermercado/productos-frescos/cat20002/c?offset=720
192,"
2,20 €",20 €/kg,Pechuga de pavo cocida extra Supreme de Placeres sin gluten y sin lactosa 110 g,Sin gluten,Sin lactosa,"Anadir
",https://www.carrefour.es/supermercado/productos-frescos/cat20002/c?offset=744
193,"
5,35 €","53,50 €/kg",Paleta de cebo iberica 50% Raza iberica Seleccion Especial El Lujo sin gluten y sin lactosa 100 g,Sin gluten,Sin lactosa,"Anadir
",https://www.carrefour.es/supermercado/productos-frescos/cat20002/c?offset=744
194,"
1,99 €","13,27 €/kg",Crema de queso Philadelphia sin lactosa 150 g.,Sin lactosa,Ver productos de la promocion,"Anadir
",https://www.carrefour.es/supermercado/productos-frescos/cat20002/c?offset=744
195,"
2,55 €","7,73 €/kg",Pechuga de pavo adobada ElPozo 330 gr,Sin gluten,Sin lactosa,"Anadir
",https://www.carrefour.es/supermercado/productos-frescos/cat20002/c?offset=744
196,"
3,09 €","9,09 €/kg",Pechuga de pavo reducida en sal y sin grasa El Pozo Bienstar sin gluten sin lactosa 340 g.,Sin gluten,Sin lactosa,"Anadir
",https://www.carrefour.es/supermercado/productos-frescos/cat20002/c?offset=792
197,"
1,72 €","13,76 €/kg","Cabecero de lomo en lonchas Carrefour sin gluten sin lactosa pack de 4 unidades de 31,25 g.",Sin gluten,Sin lactosa,"Anadir
",https://www.carrefour.es/supermercado/productos-frescos/cat20002/c?offset=792
198,"
2,19 €","15,64 €/kg",Jamon cocido extra lonchas enteras Argal Bonnatur sin gluten sin lactosa 140 g.,Sin gluten,Sin lactosa,"Anadir
",https://www.carrefour.es/supermercado/productos-frescos/cat20002/c?offset=816
199,"
2,90 €","8,79 €/kg",Lomo de cerdo adobado al horno El Pozo 330 g,Sin gluten,Sin lactosa,"Anadir
",https://www.carrefour.es/supermercado/productos-frescos/cat20002/c?offset=816
200,"
1,99 €","3,32 €/kg",Brocoli en floretes ecologico Carrefour Bio 600 g.,Bio,Congelado,"Anadir
",https://www.carrefour.es/supermercado/productos-frescos/cat20002/c?offset=816
201,"
2,99 €","8,93 €/kg",Tortilla de berenjena 330 g,Sin gluten,Ver productos de la promocion,"Anadir
",https://www.carrefour.es/supermercado/productos-frescos/cat20002/c?offset=840
202,"
2,89 €","14,45 €/kg",Queso Manchego de oveja Don Julian curado viejo D.O.P. Sanabria cuna de 200 g,Sin gluten,Ver productos de la promocion,"Anadir
",https://www.carrefour.es/supermercado/productos-frescos/cat20002/c?offset=840
203,"
6,19 €","5,85 €","61,90 €/kg
 | 
58,50 €/kg",Solomillos de salmon ahumado noruego Royal Duo pack de 2 unidades de 50 g.,Ver productos de la promocion,"Anadir
",https://www.carrefour.es/supermercado/productos-frescos/cat20002/c?offset=864
204,"
2,15 €","10,75 €/kg",Pechuga de pavo en lonchas Un Momento y Listo Serrano sin gluten sin lactosa 200 g.,Sin gluten,Sin lactosa,"Anadir
",https://www.carrefour.es/supermercado/productos-frescos/cat20002/c?offset=888
205,"
3,79 €","7,02 €/kg",Salchichas bratwurst Carrefour sin gluten sin lactosa 540 g.,Sin gluten,Sin lactosa,"Anadir
",https://www.carrefour.es/supermercado/productos-frescos/cat20002/c?offset=888
206,"
1,79 €","8,95 €/kg",Pechuga de pavo braseada en finas lonchas Carrefour sin gluten y sin lactosa 200 g,Sin gluten,Sin lactosa,"Anadir
",https://www.carrefour.es/supermercado/productos-frescos/cat20002/c?offset=888
207,"
1,55 €","7,75 €/kg",Sucedaneo de angulas suenos Carrefour Discount sin lactosa 200 g.,Congelado,Sin lactosa,"Anadir
",https://www.carrefour.es/supermercado/productos-frescos/cat20002/c?offset=912
208,"
2,90 €",29 €/kg,Jamon cocido extra en lonchas Ferrarini sin gluten y sin lactosa 100 g,Sin gluten,Sin lactosa,"Anadir
",https://www.carrefour.es/supermercado/productos-frescos/cat20002/c?offset=912
209,"
1,99 €","3,32 €/kg",Judias verdes ecologicas Carrefour Bio 600 g.,Bio,Congelado,"Anadir
",https://www.carrefour.es/supermercado/productos-frescos/cat20002/c?offset=912
210,"
2,70 €",15 €/kg,Rulo de cabra madurado Carrefour sin lactosa 180 g,Bio,Sin lactosa,"Anadir
",https://www.carrefour.es/supermercado/productos-frescos/cat20002/c?offset=912
211,"
2,85 €","2,70 €","19 €/kg
 | 
18 €/kg",Queso mozzarellarallada Galbani 150 g.,Ver productos de la promocion,"Anadir
",https://www.carrefour.es/supermercado/productos-frescos/cat20002/c?offset=960
212,"
1,99 €","13,27 €/kg",Paleta de jamon cocido asada al horno extra en lonchas sin gluten y sin lactosa 150 g,Sin gluten,Sin lactosa,"Anadir
",https://www.carrefour.es/supermercado/productos-frescos/cat20002/c?offset=984
213,"
3,59 €","11,97 €/kg",Panceta iberica taco El Chico sin gluten sin lactosa 300 g.,Sin gluten,Sin lactosa,"Anadir
",https://www.carrefour.es/supermercado/productos-frescos/cat20002/c?offset=984
214,"
0,93 €","0,84 €","1,86 €/l
 | 
1,68 €/l",Agua mineral con gas Perrier natural 50 cl.,Ver productos de la promocion,"Anadir
",https://www.carrefour.es/supermercado/bebidas/cat20003/c?offset=168
215,"
1,99 €","7,96 €/l",Kombucha de frutos rojos ecologico Komvida sin gluten botella 25 cl.,Bio,Sin gluten,"Anadir
",https://www.carrefour.es/supermercado/bebidas/cat20003/c?offset=168
216,"
1,99 €","7,96 €/l",Kombucha de jengibre y limon ecologico Komvida sin gluten botella 25 cl.,Bio,Sin gluten,"Anadir
",https://www.carrefour.es/supermercado/bebidas/cat20003/c?offset=216
217,"
1,99 €","7,96 €/l",Kombucha de te verde ecologico Komvida sin gluten botella 25 cl,Bio,Sin gluten,"Anadir
",https://www.carrefour.es/supermercado/bebidas/cat20003/c?offset=336
218,"
3,95 €","3,85 €","3,95 €/ud
 | 
3,85 €/ud",Chuvia Godello Blanco 2020,Ver productos de la promocion,"Anadir
",https://www.carrefour.es/supermercado/bebidas/cat20003/c?offset=360
219,"
1,99 €","2,65 €/l",Sidra ecologica Maeloc achampanada extra botella 75 cl.,Bio,Ver productos de la promocion,"Anadir
",https://www.carrefour.es/supermercado/bebidas/cat20003/c?offset=360
220,"
2,09 €","2,79 €/l",Sidra ecologica Maeloc achampanada dulce botella 75 cl.,Bio,Ver productos de la promocion,"Anadir
",https://www.carrefour.es/supermercado/bebidas/cat20003/c?offset=432
221,"
1,72 €","1,54 €","3,44 €/l
 | 
3,08 €/l",Cerveza Desperados sabor tequila lata 50 cl.,Ver productos de la promocion,"Anadir
",https://www.carrefour.es/supermercado/bebidas/cat20003/c?offset=456
222,"
5,95 €","7,93 €/l",Kombucha frutos rojos ecologica Komvida sin gluten 750 ml.,Bio,Sin gluten,"Anadir
",https://www.carrefour.es/supermercado/bebidas/cat20003/c?offset=480
223,"
0,94 €","0,84 €","1,88 €/l
 | 
1,68 €/l",Agua mineral con gas Perrier sabor lima 50 cl.,Ver productos de la promocion,"Anadir
",https://www.carrefour.es/supermercado/bebidas/cat20003/c?offset=480
224,"
5,79 €","7,72 €/l",Komvida Kombucha jengibre y limon ecologico sin gluten 75 cl.,Bio,Sin gluten,"Anadir
",https://www.carrefour.es/supermercado/bebidas/cat20003/c?offset=504
225,"
1,72 €","1,55 €","3,44 €/l
 | 
3,10 €/l",Cerveza Desperados sabor mojito lata 50 cl.,Ver productos de la promocion,"Anadir
",https://www.carrefour.es/supermercado/bebidas/cat20003/c?offset=552
226,"
2,99 €","2,99 €/ud",Almud Bobal Tinto 2020,Bio,Ver productos de la promocion,"Anadir
",https://www.carrefour.es/supermercado/bebidas/cat20003/c?offset=672
227,"
2,55 €","3,64 €/l",Sidra Ecologica Menendez natural 70 cl.,Bio,Ver productos de la promocion,"Anadir
",https://www.carrefour.es/supermercado/bebidas/cat20003/c?offset=696
228,"
20,95 €","20,90 €","29,93 €/l
 | 
29,86 €/l",Roku Ginebra,Ver productos de la promocion,"Anadir
",https://www.carrefour.es/supermercado/bebidas/cat20003/c?offset=768
229,"
5,34 €","8,90 €/l",Concentrado de granadina Teisseire sin gluten sin lactosa botella 60 cl.,Sin gluten,Sin lactosa,"Anadir
",https://www.carrefour.es/supermercado/bebidas/cat20003/c?offset=936
230,"
5,34 €","8,90 €/l",Concentrado de menta Teisseire sin gluten sin lactosa botella 60 cl.,Sin gluten,Sin lactosa,"Anadir
",https://www.carrefour.es/supermercado/bebidas/cat20003/c?offset=984
231,"
2,65 €","2,47 €","3,53 €/100ml
 | 
3,29 €/100ml",Dentifrico original 24h de proteccion completa Total Colgate 75 ml.,Ver productos de la promocion,"Anadir
",https://www.carrefour.es/supermercado/perfumeria-e-higiene/cat20004/c?offset=24
232,"
4,49 €","4,25 €","0,19 €/ud
 | 
0,18 €/ud",Tampones Pearl super plus Tampax 24 ud.,Ver productos de la promocion,"Anadir
",https://www.carrefour.es/supermercado/perfumeria-e-higiene/cat20004/c?offset=24
233,"
4,26 €","4,25 €","0,18 €/ud
 | 
0,18 €/ud",Tampones super con aplicador PearlTampax 24 ud.,Ver productos de la promocion,"Anadir
",https://www.carrefour.es/supermercado/perfumeria-e-higiene/cat20004/c?offset=24
234,"
4,85 €","4,75 €","0,57 €/100ml
 | 
0,56 €/100ml",Champu hidratacion intensa para cabello seco a danado Tresemme 855 ml.,Ver productos de la promocion,"Anadir
",https://www.carrefour.es/supermercado/perfumeria-e-higiene/cat20004/c?offset=24
235,"
2,99 €","2,85 €","0,50 €/100ml
 | 
0,48 €/100ml",Gel de ducha Moussel 600 ml.,Ver productos de la promocion,"Anadir
",https://www.carrefour.es/supermercado/perfumeria-e-higiene/cat20004/c?offset=24
236,"
3,32 €","3,25 €","4,43 €/100ml
 | 
4,33 €/100ml",Dentifrico proteccion profesional Pro-Expert Oral-B 75 ml.,Ver productos de la promocion,"Anadir
",https://www.carrefour.es/supermercado/perfumeria-e-higiene/cat20004/c?offset=24
237,"
2,39 €","2,29 €","3,19 €/100ml
 | 
3,05 €/100ml",Dentifrico blanqueador para dientes mas blancos al instante Max White Optic Colgate 75 ml.,Ver productos de la promocion,"Anadir
",https://www.carrefour.es/supermercado/perfumeria-e-higiene/cat20004/c?offset=24
238,"
2,65 €","2,47 €","3,53 €/100ml
 | 
3,29 €/100ml",Dentifrico original 24h de proteccion completa Total Colgate 75 ml.,Ver productos de la promocion,"Anadir
",https://www.carrefour.es/supermercado/perfumeria-e-higiene/cat20004/c?offset=24
239,"
2,79 €","2,55 €","0,31 €/ud
 | 
0,28 €/ud",Compresas con alas para noche LibertyEvax 9 ud.,Ver productos de la promocion,"Anadir
",https://www.carrefour.es/supermercado/perfumeria-e-higiene/cat20004/c?offset=48
240,"
4,55 €","4,09 €","0,51 €/100ml
 | 
0,45 €/100ml",Gel de ducha clasico Moussel 900 ml.,Ver productos de la promocion,"Anadir
",https://www.carrefour.es/supermercado/perfumeria-e-higiene/cat20004/c?offset=48
241,"
2,99 €","2,85 €","0,50 €/100ml
 | 
0,48 €/100ml",Gel de ducha Moussel 600 ml.,Ver productos de la promocion,"Anadir
",https://www.carrefour.es/supermercado/perfumeria-e-higiene/cat20004/c?offset=48
242,"
3,32 €","3,25 €","4,43 €/100ml
 | 
4,33 €/100ml",Dentifrico proteccion profesional Pro-Expert Oral-B 75 ml.,Ver productos de la promocion,"Anadir
",https://www.carrefour.es/supermercado/perfumeria-e-higiene/cat20004/c?offset=48
243,"
2,39 €","2,29 €","3,19 €/100ml
 | 
3,05 €/100ml",Dentifrico blanqueador para dientes mas blancos al instante Max White Optic Colgate 75 ml.,Ver productos de la promocion,"Anadir
",https://www.carrefour.es/supermercado/perfumeria-e-higiene/cat20004/c?offset=48
244,"
2,65 €","2,47 €","3,53 €/100ml
 | 
3,29 €/100ml",Dentifrico original 24h de proteccion completa Total Colgate 75 ml.,Ver productos de la promocion,"Anadir
",https://www.carrefour.es/supermercado/perfumeria-e-higiene/cat20004/c?offset=48
245,"
4,89 €","4,75 €","0,57 €/100ml
 | 
0,56 €/100ml",Acondicionador hidratacion intensa para cabello seco o danado Tresemme 855 ml.,Ver productos de la promocion,"Agotado temporalmente
",https://www.carrefour.es/supermercado/perfumeria-e-higiene/cat20004/c?offset=72
246,"
1,82 €","1,70 €","2,43 €/100ml
 | 
2,27 €/100ml",Dentifrico 2 en 1 menta fresca Licor del Polo 75 ml.,Ver productos de la promocion,"Anadir
",https://www.carrefour.es/supermercado/perfumeria-e-higiene/cat20004/c?offset=72
247,"
3,05 €","2,99 €","3,05 €/100ml
 | 
2,99 €/100ml",Desodorante roll-on Original con vitaminas E y F Dove pack de 2 unidades de 50 ml.,Ver productos de la promocion,"Anadir
",https://www.carrefour.es/supermercado/perfumeria-e-higiene/cat20004/c?offset=72
248,"
2,85 €","2,69 €","3,80 €/100ml
 | 
3,59 €/100ml",Dentifrico con ingredientes antibacterianos 24h de proteccion completa Total Encias Sanas Colgate 75 ml.,Ver productos de la promocion,"Anadir
",https://www.carrefour.es/supermercado/perfumeria-e-higiene/cat20004/c?offset=72
249,"
2,99 €","2,85 €","0,50 €/100ml
 | 
0,48 €/100ml",Gel de ducha Moussel 600 ml.,Ver productos de la promocion,"Anadir
",https://www.carrefour.es/supermercado/perfumeria-e-higiene/cat20004/c?offset=72
250,"
3,32 €","3,25 €","4,43 €/100ml
 | 
4,33 €/100ml",Dentifrico proteccion profesional Pro-Expert Oral-B 75 ml.,Ver productos de la promocion,"Anadir
",https://www.carrefour.es/supermercado/perfumeria-e-higiene/cat20004/c?offset=72
251,"
2,39 €","2,29 €","3,19 €/100ml
 | 
3,05 €/100ml",Dentifrico blanqueador para dientes mas blancos al instante Max White Optic Colgate 75 ml.,Ver productos de la promocion,"Anadir
",https://www.carrefour.es/supermercado/perfumeria-e-higiene/cat20004/c?offset=72
252,"
2,65 €","2,47 €","3,53 €/100ml
 | 
3,29 €/100ml",Dentifrico original 24h de proteccion completa Total Colgate 75 ml.,Ver productos de la promocion,"Anadir
",https://www.carrefour.es/supermercado/perfumeria-e-higiene/cat20004/c?offset=72
253,"
3,49 €","3,19 €","0,54 €/100ml
 | 
0,49 €/100ml",Gel de ducha Marine Magno 650 ml.,Ver productos de la promocion,"Anadir
",https://www.carrefour.es/supermercado/perfumeria-e-higiene/cat20004/c?offset=96
254,"
2,99 €","2,85 €","0,50 €/100ml
 | 
0,48 €/100ml",Gel de ducha Moussel 600 ml.,Ver productos de la promocion,"Anadir
",https://www.carrefour.es/supermercado/perfumeria-e-higiene/cat20004/c?offset=96
255,"
3,32 €","3,25 €","4,43 €/100ml
 | 
4,33 €/100ml",Dentifrico proteccion profesional Pro-Expert Oral-B 75 ml.,Ver productos de la promocion,"Anadir
",https://www.carrefour.es/supermercado/perfumeria-e-higiene/cat20004/c?offset=96
256,"
2,39 €","2,29 €","3,19 €/100ml
 | 
3,05 €/100ml",Dentifrico blanqueador para dientes mas blancos al instante Max White Optic Colgate 75 ml.,Ver productos de la promocion,"Anadir
",https://www.carrefour.es/supermercado/perfumeria-e-higiene/cat20004/c?offset=96
257,"
2,65 €","2,47 €","3,53 €/100ml
 | 
3,29 €/100ml",Dentifrico original 24h de proteccion completa Total Colgate 75 ml.,Ver productos de la promocion,"Anadir
",https://www.carrefour.es/supermercado/perfumeria-e-higiene/cat20004/c?offset=96
258,"
3,46 €","3,39 €","4,61 €/100ml
 | 
4,52 €/100ml",Dentifrico perfeccion blanqueamiento avanzado 3D White Luxe Carbon Oral-B 75 ml.,Ver productos de la promocion,"Anadir
",https://www.carrefour.es/supermercado/perfumeria-e-higiene/cat20004/c?offset=120
259,"
2,99 €","2,79 €","1,49 €/100ml
 | 
1,39 €/100ml",Gel series piel sensible Gillette 200 ml.,Ver productos de la promocion,"Anadir
",https://www.carrefour.es/supermercado/perfumeria-e-higiene/cat20004/c?offset=120
260,"
2,99 €","2,85 €","0,50 €/100ml
 | 
0,48 €/100ml",Gel de ducha Moussel 600 ml.,Ver productos de la promocion,"Anadir
",https://www.carrefour.es/supermercado/perfumeria-e-higiene/cat20004/c?offset=120
261,"
3,32 €","3,25 €","4,43 €/100ml
 | 
4,33 €/100ml",Dentifrico proteccion profesional Pro-Expert Oral-B 75 ml.,Ver productos de la promocion,"Anadir
",https://www.carrefour.es/supermercado/perfumeria-e-higiene/cat20004/c?offset=120
262,"
2,39 €","2,29 €","3,19 €/100ml
 | 
3,05 €/100ml",Dentifrico blanqueador para dientes mas blancos al instante Max White Optic Colgate 75 ml.,Ver productos de la promocion,"Anadir
",https://www.carrefour.es/supermercado/perfumeria-e-higiene/cat20004/c?offset=120
263,"
2,65 €","2,47 €","3,53 €/100ml
 | 
3,29 €/100ml",Dentifrico original 24h de proteccion completa Total Colgate 75 ml.,Ver productos de la promocion,"Anadir
",https://www.carrefour.es/supermercado/perfumeria-e-higiene/cat20004/c?offset=120
264,"
3,99 €","3,70 €","0,53 €/100ml
 | 
0,49 €/100ml",Champu fresco y fuerte para cabello debil y pagado con extracto de hierbas alpinas Timotei 750 ml.,Ver productos de la promocion,"Anadir
",https://www.carrefour.es/supermercado/perfumeria-e-higiene/cat20004/c?offset=144
265,"
2,99 €","2,85 €","0,50 €/100ml
 | 
0,48 €/100ml",Gel de ducha Moussel 600 ml.,Ver productos de la promocion,"Anadir
",https://www.carrefour.es/supermercado/perfumeria-e-higiene/cat20004/c?offset=144
266,"
3,32 €","3,25 €","4,43 €/100ml
 | 
4,33 €/100ml",Dentifrico proteccion profesional Pro-Expert Oral-B 75 ml.,Ver productos de la promocion,"Anadir
",https://www.carrefour.es/supermercado/perfumeria-e-higiene/cat20004/c?offset=144
267,"
2,39 €","2,29 €","3,19 €/100ml
 | 
3,05 €/100ml",Dentifrico blanqueador para dientes mas blancos al instante Max White Optic Colgate 75 ml.,Ver productos de la promocion,"Anadir
",https://www.carrefour.es/supermercado/perfumeria-e-higiene/cat20004/c?offset=144
268,"
2,65 €","2,47 €","3,53 €/100ml
 | 
3,29 €/100ml",Dentifrico original 24h de proteccion completa Total Colgate 75 ml.,Ver productos de la promocion,"Anadir
",https://www.carrefour.es/supermercado/perfumeria-e-higiene/cat20004/c?offset=144
269,"
2,15 €","2,05 €","4,30 €/100ml
 | 
4,10 €/100ml",Desodorante stick con crema antitranspirante 24h original Dove 50 ml.,Ver productos de la promocion,"Anadir
",https://www.carrefour.es/supermercado/perfumeria-e-higiene/cat20004/c?offset=168
270,"
2,99 €","2,85 €","0,50 €/100ml
 | 
0,48 €/100ml",Gel de ducha Moussel 600 ml.,Ver productos de la promocion,"Anadir
",https://www.carrefour.es/supermercado/perfumeria-e-higiene/cat20004/c?offset=168
271,"
3,32 €","3,25 €","4,43 €/100ml
 | 
4,33 €/100ml",Dentifrico proteccion profesional Pro-Expert Oral-B 75 ml.,Ver productos de la promocion,"Anadir
",https://www.carrefour.es/supermercado/perfumeria-e-higiene/cat20004/c?offset=168
272,"
2,39 €","2,29 €","3,19 €/100ml
 | 
3,05 €/100ml",Dentifrico blanqueador para dientes mas blancos al instante Max White Optic Colgate 75 ml.,Ver productos de la promocion,"Anadir
",https://www.carrefour.es/supermercado/perfumeria-e-higiene/cat20004/c?offset=168
273,"
2,65 €","2,47 €","3,53 €/100ml
 | 
3,29 €/100ml",Dentifrico original 24h de proteccion completa Total Colgate 75 ml.,Ver productos de la promocion,"Anadir
",https://www.carrefour.es/supermercado/perfumeria-e-higiene/cat20004/c?offset=168
274,"
2,25 €","2,10 €","0,11 €/ud
 | 
0,11 €/ud",Toallitas desmaquillantes hidratantes para pieles secas y sensibles Diadermine 20 ud.,Ver productos de la promocion,"Anadir
",https://www.carrefour.es/supermercado/perfumeria-e-higiene/cat20004/c?offset=192
275,"
3,80 €","3,79 €","1,27 €/100ml
 | 
1,26 €/100ml",Mascarilla capilar Nutri Rizos Contouring para cabello rizado u ondulado Garnier-Fructis 300 ml.,Ver productos de la promocion,"Anadir
",https://www.carrefour.es/supermercado/perfumeria-e-higiene/cat20004/c?offset=192
276,"
3,65 €","3,29 €","0,56 €/100ml
 | 
0,51 €/100ml",Gel de ducha Black Energy Magno 650 ml.,Ver productos de la promocion,"Anadir
",https://www.carrefour.es/supermercado/perfumeria-e-higiene/cat20004/c?offset=192
277,"
2,99 €","2,85 €","0,50 €/100ml
 | 
0,48 €/100ml",Gel de ducha Moussel 600 ml.,Ver productos de la promocion,"Anadir
",https://www.carrefour.es/supermercado/perfumeria-e-higiene/cat20004/c?offset=192
278,"
3,32 €","3,25 €","4,43 €/100ml
 | 
4,33 €/100ml",Dentifrico proteccion profesional Pro-Expert Oral-B 75 ml.,Ver productos de la promocion,"Anadir
",https://www.carrefour.es/supermercado/perfumeria-e-higiene/cat20004/c?offset=192
279,"
2,39 €","2,29 €","3,19 €/100ml
 | 
3,05 €/100ml",Dentifrico blanqueador para dientes mas blancos al instante Max White Optic Colgate 75 ml.,Ver productos de la promocion,"Anadir
",https://www.carrefour.es/supermercado/perfumeria-e-higiene/cat20004/c?offset=192
280,"
2,65 €","2,47 €","3,53 €/100ml
 | 
3,29 €/100ml",Dentifrico original 24h de proteccion completa Total Colgate 75 ml.,Ver productos de la promocion,"Anadir
",https://www.carrefour.es/supermercado/perfumeria-e-higiene/cat20004/c?offset=192
281,"
2,89 €","2,85 €","0,48 €/100ml
 | 
0,48 €/100ml",Gel de ducha dermo hidratante Douche Crème Moussel 600 ml.,Ver productos de la promocion,"Anadir
",https://www.carrefour.es/supermercado/perfumeria-e-higiene/cat20004/c?offset=216
282,"
2,05 €","1,93 €","4,10 €/100ml
 | 
3,86 €/100ml",Desodorante roll-on tropical MotionSense Rexona 50 ml.,Ver productos de la promocion,"Anadir
",https://www.carrefour.es/supermercado/perfumeria-e-higiene/cat20004/c?offset=216
283,"
8,99 €","8,59 €","0,90 €/100ml
 | 
0,86 €/100ml",Champu Repara & Protege para cabellos debil o danado Pantene 1000 ml.,Ver productos de la promocion,"Anadir
",https://www.carrefour.es/supermercado/perfumeria-e-higiene/cat20004/c?offset=216
284,"
2,99 €","2,85 €","0,50 €/100ml
 | 
0,48 €/100ml",Gel de ducha Moussel 600 ml.,Ver productos de la promocion,"Anadir
",https://www.carrefour.es/supermercado/perfumeria-e-higiene/cat20004/c?offset=216
285,"
3,32 €","3,25 €","4,43 €/100ml
 | 
4,33 €/100ml",Dentifrico proteccion profesional Pro-Expert Oral-B 75 ml.,Ver productos de la promocion,"Anadir
",https://www.carrefour.es/supermercado/perfumeria-e-higiene/cat20004/c?offset=216
286,"
2,39 €","2,29 €","3,19 €/100ml
 | 
3,05 €/100ml",Dentifrico blanqueador para dientes mas blancos al instante Max White Optic Colgate 75 ml.,Ver productos de la promocion,"Anadir
",https://www.carrefour.es/supermercado/perfumeria-e-higiene/cat20004/c?offset=216
287,"
2,65 €","2,47 €","3,53 €/100ml
 | 
3,29 €/100ml",Dentifrico original 24h de proteccion completa Total Colgate 75 ml.,Ver productos de la promocion,"Anadir
",https://www.carrefour.es/supermercado/perfumeria-e-higiene/cat20004/c?offset=216
288,"
4,55 €","4,09 €","0,51 €/100ml
 | 
0,45 €/100ml",Gel de ducha dermo hidratante Douche Crème Moussel 900 ml.,Ver productos de la promocion,"Anadir
",https://www.carrefour.es/supermercado/perfumeria-e-higiene/cat20004/c?offset=240
289,"
4,75 €","4,50 €","1,19 €/100ml
 | 
1,12 €/100ml",Agua micelar clasica para pieles normales todo en uno Garnier Skin Active 400 ml.,Ver productos de la promocion,"Anadir
",https://www.carrefour.es/supermercado/perfumeria-e-higiene/cat20004/c?offset=240
290,"
3,29 €","3,15 €","2,19 €/100ml
 | 
2,10 €/100ml",Dentifrico accion antiplaca bacteriana con clorofila Licor del Polo pack de 2 unidades de 75 ml.,Ver productos de la promocion,"Anadir
",https://www.carrefour.es/supermercado/perfumeria-e-higiene/cat20004/c?offset=240
291,"
3,05 €","2,99 €","3,05 €/100ml
 | 
2,99 €/100ml",Desodorante roll-on invisible dry Dove pack de 2 unidades de 50 ml.,Ver productos de la promocion,"Anadir
",https://www.carrefour.es/supermercado/perfumeria-e-higiene/cat20004/c?offset=240
292,"
2,99 €","2,85 €","0,50 €/100ml
 | 
0,48 €/100ml",Gel de ducha Moussel 600 ml.,Ver productos de la promocion,"Anadir
",https://www.carrefour.es/supermercado/perfumeria-e-higiene/cat20004/c?offset=240
293,"
3,32 €","3,25 €","4,43 €/100ml
 | 
4,33 €/100ml",Dentifrico proteccion profesional Pro-Expert Oral-B 75 ml.,Ver productos de la promocion,"Anadir
",https://www.carrefour.es/supermercado/perfumeria-e-higiene/cat20004/c?offset=240
294,"
2,39 €","2,29 €","3,19 €/100ml
 | 
3,05 €/100ml",Dentifrico blanqueador para dientes mas blancos al instante Max White Optic Colgate 75 ml.,Ver productos de la promocion,"Anadir
",https://www.carrefour.es/supermercado/perfumeria-e-higiene/cat20004/c?offset=240
295,"
2,65 €","2,47 €","3,53 €/100ml
 | 
3,29 €/100ml",Dentifrico original 24h de proteccion completa Total Colgate 75 ml.,Ver productos de la promocion,"Anadir
",https://www.carrefour.es/supermercado/perfumeria-e-higiene/cat20004/c?offset=240
296,"
5,25 €","4,75 €","0,77 €/100ml
 | 
0,69 €/100ml",Champu liso keratina con aceite de marula Tresemme 685 ml.,Ver productos de la promocion,"Anadir
",https://www.carrefour.es/supermercado/perfumeria-e-higiene/cat20004/c?offset=264
297,"
2,99 €","2,85 €","0,50 €/100ml
 | 
0,48 €/100ml",Gel de ducha Moussel 600 ml.,Ver productos de la promocion,"Anadir
",https://www.carrefour.es/supermercado/perfumeria-e-higiene/cat20004/c?offset=264
298,"
3,32 €","3,25 €","4,43 €/100ml
 | 
4,33 €/100ml",Dentifrico proteccion profesional Pro-Expert Oral-B 75 ml.,Ver productos de la promocion,"Anadir
",https://www.carrefour.es/supermercado/perfumeria-e-higiene/cat20004/c?offset=264
299,"
2,39 €","2,29 €","3,19 €/100ml
 | 
3,05 €/100ml",Dentifrico blanqueador para dientes mas blancos al instante Max White Optic Colgate 75 ml.,Ver productos de la promocion,"Anadir
",https://www.carrefour.es/supermercado/perfumeria-e-higiene/cat20004/c?offset=264
300,"
2,65 €","2,47 €","3,53 €/100ml
 | 
3,29 €/100ml",Dentifrico original 24h de proteccion completa Total Colgate 75 ml.,Ver productos de la promocion,"Anadir
",https://www.carrefour.es/supermercado/perfumeria-e-higiene/cat20004/c?offset=264
301,"
3,19 €","2,89 €","4,25 €/100ml
 | 
3,85 €/100ml",Dentifrico blanqueador Max White Carbon Colgate 75 ml.,Ver productos de la promocion,"Anadir
",https://www.carrefour.es/supermercado/perfumeria-e-higiene/cat20004/c?offset=288
302,"
2,99 €","2,85 €","0,50 €/100ml
 | 
0,48 €/100ml",Gel de ducha Moussel 600 ml.,Ver productos de la promocion,"Anadir
",https://www.carrefour.es/supermercado/perfumeria-e-higiene/cat20004/c?offset=288
303,"
3,32 €","3,25 €","4,43 €/100ml
 | 
4,33 €/100ml",Dentifrico proteccion profesional Pro-Expert Oral-B 75 ml.,Ver productos de la promocion,"Anadir
",https://www.carrefour.es/supermercado/perfumeria-e-higiene/cat20004/c?offset=288
304,"
2,39 €","2,29 €","3,19 €/100ml
 | 
3,05 €/100ml",Dentifrico blanqueador para dientes mas blancos al instante Max White Optic Colgate 75 ml.,Ver productos de la promocion,"Anadir
",https://www.carrefour.es/supermercado/perfumeria-e-higiene/cat20004/c?offset=288
305,"
2,65 €","2,47 €","3,53 €/100ml
 | 
3,29 €/100ml",Dentifrico original 24h de proteccion completa Total Colgate 75 ml.,Ver productos de la promocion,"Anadir
",https://www.carrefour.es/supermercado/perfumeria-e-higiene/cat20004/c?offset=288
306,"
2,05 €","1,93 €","4,10 €/100ml
 | 
3,86 €/100ml",Desodorante roll-on para hombre Cobalt anti-transpirante Rexona 50 ml.,Ver productos de la promocion,"Anadir
",https://www.carrefour.es/supermercado/perfumeria-e-higiene/cat20004/c?offset=312
307,"
4,75 €","4,35 €","1,19 €/100ml
 | 
1,09 €/100ml",Crema sin aclarado capilar Nutri Rizos Contouring para cabello rizado u ondulado Garnier-Fructis 400 ml.,Ver productos de la promocion,"Anadir
",https://www.carrefour.es/supermercado/perfumeria-e-higiene/cat20004/c?offset=312
308,"
2,99 €","2,85 €","0,50 €/100ml
 | 
0,48 €/100ml",Gel de ducha Moussel 600 ml.,Ver productos de la promocion,"Anadir
",https://www.carrefour.es/supermercado/perfumeria-e-higiene/cat20004/c?offset=312
309,"
3,32 €","3,25 €","4,43 €/100ml
 | 
4,33 €/100ml",Dentifrico proteccion profesional Pro-Expert Oral-B 75 ml.,Ver productos de la promocion,"Anadir
",https://www.carrefour.es/supermercado/perfumeria-e-higiene/cat20004/c?offset=312
310,"
2,39 €","2,29 €","3,19 €/100ml
 | 
3,05 €/100ml",Dentifrico blanqueador para dientes mas blancos al instante Max White Optic Colgate 75 ml.,Ver productos de la promocion,"Anadir
",https://www.carrefour.es/supermercado/perfumeria-e-higiene/cat20004/c?offset=312
311,"
2,65 €","2,47 €","3,53 €/100ml
 | 
3,29 €/100ml",Dentifrico original 24h de proteccion completa Total Colgate 75 ml.,Ver productos de la promocion,"Anadir
",https://www.carrefour.es/supermercado/perfumeria-e-higiene/cat20004/c?offset=312
312,"
2,99 €","2,85 €","0,50 €/100ml
 | 
0,48 €/100ml",Gel de ducha Moussel 600 ml.,Ver productos de la promocion,"Anadir
",https://www.carrefour.es/supermercado/perfumeria-e-higiene/cat20004/c?offset=336
313,"
3,32 €","3,25 €","4,43 €/100ml
 | 
4,33 €/100ml",Dentifrico proteccion profesional Pro-Expert Oral-B 75 ml.,Ver productos de la promocion,"Anadir
",https://www.carrefour.es/supermercado/perfumeria-e-higiene/cat20004/c?offset=336
314,"
2,39 €","2,29 €","3,19 €/100ml
 | 
3,05 €/100ml",Dentifrico blanqueador para dientes mas blancos al instante Max White Optic Colgate 75 ml.,Ver productos de la promocion,"Anadir
",https://www.carrefour.es/supermercado/perfumeria-e-higiene/cat20004/c?offset=336
315,"
2,65 €","2,47 €","3,53 €/100ml
 | 
3,29 €/100ml",Dentifrico original 24h de proteccion completa Total Colgate 75 ml.,Ver productos de la promocion,"Anadir
",https://www.carrefour.es/supermercado/perfumeria-e-higiene/cat20004/c?offset=336
316,"
2,39 €","2,20 €","2,39 €/ud
 | 
2,20 €/ud",Mascarilla facial de tela Hydra Bomb hidratante revitalizante con acido hialuronico y granada antioxidante SkinActive Mask Tissu Garnier 1 ud.,Ver productos de la promocion,"Anadir
",https://www.carrefour.es/supermercado/perfumeria-e-higiene/cat20004/c?offset=360
317,"
3,79 €","3,39 €","1,26 €/100ml
 | 
1,13 €/100ml",Acondicionador fortificante Nutri Rizos Contouring para cabello rizado u ondulado Garnier-Fructis 690 ml.,Ver productos de la promocion,"Anadir
",https://www.carrefour.es/supermercado/perfumeria-e-higiene/cat20004/c?offset=360
318,"
4,69 €","4,45 €","1,20 €/100ml
 | 
1,14 €/100ml",Mascarilla capilar 3 en 1 Hair Food aloe vera hidratante para cabello normal Garnier-Fructis 390 ml.,Ver productos de la promocion,"Anadir
",https://www.carrefour.es/supermercado/perfumeria-e-higiene/cat20004/c?offset=360
319,"
3,46 €","3,39 €","4,61 €/100ml
 | 
4,52 €/100ml",Dentifrico proteccion antimanchas 24h 3D White Luxe Carbon Oral-B 75 ml.,Ver productos de la promocion,"Anadir
",https://www.carrefour.es/supermercado/perfumeria-e-higiene/cat20004/c?offset=360
320,"
2,99 €","2,85 €","0,50 €/100ml
 | 
0,48 €/100ml",Gel de ducha Moussel 600 ml.,Ver productos de la promocion,"Anadir
",https://www.carrefour.es/supermercado/perfumeria-e-higiene/cat20004/c?offset=360
321,"
3,32 €","3,25 €","4,43 €/100ml
 | 
4,33 €/100ml",Dentifrico proteccion profesional Pro-Expert Oral-B 75 ml.,Ver productos de la promocion,"Anadir
",https://www.carrefour.es/supermercado/perfumeria-e-higiene/cat20004/c?offset=360
322,"
2,39 €","2,29 €","3,19 €/100ml
 | 
3,05 €/100ml",Dentifrico blanqueador para dientes mas blancos al instante Max White Optic Colgate 75 ml.,Ver productos de la promocion,"Anadir
",https://www.carrefour.es/supermercado/perfumeria-e-higiene/cat20004/c?offset=360
323,"
2,65 €","2,47 €","3,53 €/100ml
 | 
3,29 €/100ml",Dentifrico original 24h de proteccion completa Total Colgate 75 ml.,Ver productos de la promocion,"Anadir
",https://www.carrefour.es/supermercado/perfumeria-e-higiene/cat20004/c?offset=360
324,"
3,89 €","3,60 €","3,89 €/ud
 | 
3,60 €/ud",Cepillo de dientes medio eliminacion de manchas de doble accion Max White Expert White Colgate 1 ud.,Ver productos de la promocion,"Anadir
",https://www.carrefour.es/supermercado/perfumeria-e-higiene/cat20004/c?offset=384
325,"
2,99 €","2,85 €","0,50 €/100ml
 | 
0,48 €/100ml",Gel de ducha Moussel 600 ml.,Ver productos de la promocion,"Anadir
",https://www.carrefour.es/supermercado/perfumeria-e-higiene/cat20004/c?offset=384
326,"
3,32 €","3,25 €","4,43 €/100ml
 | 
4,33 €/100ml",Dentifrico proteccion profesional Pro-Expert Oral-B 75 ml.,Ver productos de la promocion,"Anadir
",https://www.carrefour.es/supermercado/perfumeria-e-higiene/cat20004/c?offset=384
327,"
2,39 €","2,29 €","3,19 €/100ml
 | 
3,05 €/100ml",Dentifrico blanqueador para dientes mas blancos al instante Max White Optic Colgate 75 ml.,Ver productos de la promocion,"Anadir
",https://www.carrefour.es/supermercado/perfumeria-e-higiene/cat20004/c?offset=384
328,"
2,65 €","2,47 €","3,53 €/100ml
 | 
3,29 €/100ml",Dentifrico original 24h de proteccion completa Total Colgate 75 ml.,Ver productos de la promocion,"Anadir
",https://www.carrefour.es/supermercado/perfumeria-e-higiene/cat20004/c?offset=384
329,"
3,70 €","3,35 €","7,40 €/100ml
 | 
6,70 €/100ml",Desodorante stick para hombre Captain Old Spice 50 ml.,Ver productos de la promocion,"Anadir
",https://www.carrefour.es/supermercado/perfumeria-e-higiene/cat20004/c?offset=408
330,"
2,99 €","2,85 €","0,50 €/100ml
 | 
0,48 €/100ml",Gel de ducha Moussel 600 ml.,Ver productos de la promocion,"Anadir
",https://www.carrefour.es/supermercado/perfumeria-e-higiene/cat20004/c?offset=408
331,"
3,32 €","3,25 €","4,43 €/100ml
 | 
4,33 €/100ml",Dentifrico proteccion profesional Pro-Expert Oral-B 75 ml.,Ver productos de la promocion,"Anadir
",https://www.carrefour.es/supermercado/perfumeria-e-higiene/cat20004/c?offset=408
332,"
2,39 €","2,29 €","3,19 €/100ml
 | 
3,05 €/100ml",Dentifrico blanqueador para dientes mas blancos al instante Max White Optic Colgate 75 ml.,Ver productos de la promocion,"Anadir
",https://www.carrefour.es/supermercado/perfumeria-e-higiene/cat20004/c?offset=408
333,"
2,65 €","2,47 €","3,53 €/100ml
 | 
3,29 €/100ml",Dentifrico original 24h de proteccion completa Total Colgate 75 ml.,Ver productos de la promocion,"Anadir
",https://www.carrefour.es/supermercado/perfumeria-e-higiene/cat20004/c?offset=408
334,"
7,05 €","6,69 €","1,02 €/100ml
 | 
0,97 €/100ml",Champu fortificante arginina resist x3 para cabello fragil L'Oreal-Elvive 690 ml.,Ver productos de la promocion,"Anadir
",https://www.carrefour.es/supermercado/perfumeria-e-higiene/cat20004/c?offset=432
335,"
2,99 €","2,85 €","0,50 €/100ml
 | 
0,48 €/100ml",Gel de ducha Moussel 600 ml.,Ver productos de la promocion,"Anadir
",https://www.carrefour.es/supermercado/perfumeria-e-higiene/cat20004/c?offset=432
336,"
3,32 €","3,25 €","4,43 €/100ml
 | 
4,33 €/100ml",Dentifrico proteccion profesional Pro-Expert Oral-B 75 ml.,Ver productos de la promocion,"Anadir
",https://www.carrefour.es/supermercado/perfumeria-e-higiene/cat20004/c?offset=432
337,"
2,39 €","2,29 €","3,19 €/100ml
 | 
3,05 €/100ml",Dentifrico blanqueador para dientes mas blancos al instante Max White Optic Colgate 75 ml.,Ver productos de la promocion,"Anadir
",https://www.carrefour.es/supermercado/perfumeria-e-higiene/cat20004/c?offset=432
338,"
2,65 €","2,47 €","3,53 €/100ml
 | 
3,29 €/100ml",Dentifrico original 24h de proteccion completa Total Colgate 75 ml.,Ver productos de la promocion,"Anadir
",https://www.carrefour.es/supermercado/perfumeria-e-higiene/cat20004/c?offset=432
339,"
2,99 €","2,85 €","0,50 €/100ml
 | 
0,48 €/100ml",Gel de ducha Moussel 600 ml.,Ver productos de la promocion,"Anadir
",https://www.carrefour.es/supermercado/perfumeria-e-higiene/cat20004/c?offset=456
340,"
3,32 €","3,25 €","4,43 €/100ml
 | 
4,33 €/100ml",Dentifrico proteccion profesional Pro-Expert Oral-B 75 ml.,Ver productos de la promocion,"Anadir
",https://www.carrefour.es/supermercado/perfumeria-e-higiene/cat20004/c?offset=456
341,"
2,39 €","2,29 €","3,19 €/100ml
 | 
3,05 €/100ml",Dentifrico blanqueador para dientes mas blancos al instante Max White Optic Colgate 75 ml.,Ver productos de la promocion,"Anadir
",https://www.carrefour.es/supermercado/perfumeria-e-higiene/cat20004/c?offset=456
342,"
2,65 €","2,47 €","3,53 €/100ml
 | 
3,29 €/100ml",Dentifrico original 24h de proteccion completa Total Colgate 75 ml.,Ver productos de la promocion,"Anadir
",https://www.carrefour.es/supermercado/perfumeria-e-higiene/cat20004/c?offset=456
343,"
3,70 €","3,35 €","7,40 €/100ml
 | 
6,70 €/100ml",Desodorante stick para hombre Original Old Spice 50 ml.,Ver productos de la promocion,"Anadir
",https://www.carrefour.es/supermercado/perfumeria-e-higiene/cat20004/c?offset=480
344,"
7,15 €","7,06 €","1,06 €/100ml
 | 
1,05 €/100ml",Acondicionador para cabello debil o danado Repara & Protege Pantene 675 ml.,Ver productos de la promocion,"Anadir
",https://www.carrefour.es/supermercado/perfumeria-e-higiene/cat20004/c?offset=480
345,"
4,19 €","3,99 €","1,86 €/100ml
 | 
1,77 €/100ml","Champu anti-encrespamiento con biotina, extracto de flor de cactus y aceite de argan Adios Frizz Miracles Pantene Pro-V 225 ml.",Ver productos de la promocion,"Anadir
",https://www.carrefour.es/supermercado/perfumeria-e-higiene/cat20004/c?offset=480
346,"
7,05 €","6,69 €","1,02 €/100ml
 | 
0,97 €/100ml",Champu reparador para el pelo danado Total Repair 5Elvive L'Oreal Paris 690 ml.,Ver productos de la promocion,"Anadir
",https://www.carrefour.es/supermercado/perfumeria-e-higiene/cat20004/c?offset=480
347,"
2,99 €","2,85 €","0,50 €/100ml
 | 
0,48 €/100ml",Gel de ducha Moussel 600 ml.,Ver productos de la promocion,"Anadir
",https://www.carrefour.es/supermercado/perfumeria-e-higiene/cat20004/c?offset=480
348,"
3,32 €","3,25 €","4,43 €/100ml
 | 
4,33 €/100ml",Dentifrico proteccion profesional Pro-Expert Oral-B 75 ml.,Ver productos de la promocion,"Anadir
",https://www.carrefour.es/supermercado/perfumeria-e-higiene/cat20004/c?offset=480
349,"
2,39 €","2,29 €","3,19 €/100ml
 | 
3,05 €/100ml",Dentifrico blanqueador para dientes mas blancos al instante Max White Optic Colgate 75 ml.,Ver productos de la promocion,"Anadir
",https://www.carrefour.es/supermercado/perfumeria-e-higiene/cat20004/c?offset=480
350,"
2,65 €","2,47 €","3,53 €/100ml
 | 
3,29 €/100ml",Dentifrico original 24h de proteccion completa Total Colgate 75 ml.,Ver productos de la promocion,"Anadir
",https://www.carrefour.es/supermercado/perfumeria-e-higiene/cat20004/c?offset=480
351,"
4,19 €","3,99 €","2,09 €/100ml
 | 
1,99 €/100ml",Acondicionador anti-encrespamiento Adios Frizz Pantene Pro-V Miracles 200 ml.,Ver productos de la promocion,"Anadir
",https://www.carrefour.es/supermercado/perfumeria-e-higiene/cat20004/c?offset=504
352,"
2,99 €","2,85 €","0,50 €/100ml
 | 
0,48 €/100ml",Gel de ducha Moussel 600 ml.,Ver productos de la promocion,"Anadir
",https://www.carrefour.es/supermercado/perfumeria-e-higiene/cat20004/c?offset=504
353,"
3,32 €","3,25 €","4,43 €/100ml
 | 
4,33 €/100ml",Dentifrico proteccion profesional Pro-Expert Oral-B 75 ml.,Ver productos de la promocion,"Anadir
",https://www.carrefour.es/supermercado/perfumeria-e-higiene/cat20004/c?offset=504
354,"
2,39 €","2,29 €","3,19 €/100ml
 | 
3,05 €/100ml",Dentifrico blanqueador para dientes mas blancos al instante Max White Optic Colgate 75 ml.,Ver productos de la promocion,"Anadir
",https://www.carrefour.es/supermercado/perfumeria-e-higiene/cat20004/c?offset=504
355,"
2,65 €","2,47 €","3,53 €/100ml
 | 
3,29 €/100ml",Dentifrico original 24h de proteccion completa Total Colgate 75 ml.,Ver productos de la promocion,"Anadir
",https://www.carrefour.es/supermercado/perfumeria-e-higiene/cat20004/c?offset=504
356,"
5,10 €","4,95 €","11,33 €/100ml
 | 
11 €/100ml",Desodorante stick crema confidence Maximum Protection Rexona 45 ml.,Ver productos de la promocion,"Anadir
",https://www.carrefour.es/supermercado/perfumeria-e-higiene/cat20004/c?offset=528
357,"
2,59 €","2,45 €","5,18 €/100ml
 | 
4,90 €/100ml",Desodorante roll-on original 0% sales de aluminio Dove 50 ml.,Ver productos de la promocion,"Anadir
",https://www.carrefour.es/supermercado/perfumeria-e-higiene/cat20004/c?offset=528
358,"
5,75 €","5,45 €","11,50 €/100ml
 | 
10,90 €/100ml",Gel limpiador de poros y exfoliante facial 3 en 1 Skin Active Pure Active Carbon Garnier 150 ml.,Ver productos de la promocion,"Anadir
",https://www.carrefour.es/supermercado/perfumeria-e-higiene/cat20004/c?offset=528
359,"
2,99 €","2,85 €","0,50 €/100ml
 | 
0,48 €/100ml",Gel de ducha Moussel 600 ml.,Ver productos de la promocion,"Anadir
",https://www.carrefour.es/supermercado/perfumeria-e-higiene/cat20004/c?offset=528
360,"
3,32 €","3,25 €","4,43 €/100ml
 | 
4,33 €/100ml",Dentifrico proteccion profesional Pro-Expert Oral-B 75 ml.,Ver productos de la promocion,"Anadir
",https://www.carrefour.es/supermercado/perfumeria-e-higiene/cat20004/c?offset=528
361,"
2,39 €","2,29 €","3,19 €/100ml
 | 
3,05 €/100ml",Dentifrico blanqueador para dientes mas blancos al instante Max White Optic Colgate 75 ml.,Ver productos de la promocion,"Anadir
",https://www.carrefour.es/supermercado/perfumeria-e-higiene/cat20004/c?offset=528
362,"
2,65 €","2,47 €","3,53 €/100ml
 | 
3,29 €/100ml",Dentifrico original 24h de proteccion completa Total Colgate 75 ml.,Ver productos de la promocion,"Anadir
",https://www.carrefour.es/supermercado/perfumeria-e-higiene/cat20004/c?offset=528
363,"
3,40 €","3,29 €","8,50 €/100ml
 | 
8,22 €/100ml",Desodorante stick original antitranspirante 48h Dove 40 ml.,Ver productos de la promocion,"Anadir
",https://www.carrefour.es/supermercado/perfumeria-e-higiene/cat20004/c?offset=552
364,"
5,29 €","4,99 €","1,39 €/100ml
 | 
1,31 €/100ml",Champu repara & suaviza extra aloe + hemp bio:renew Herbal Essences 380 ml.,Ver productos de la promocion,"Anadir
",https://www.carrefour.es/supermercado/perfumeria-e-higiene/cat20004/c?offset=552
365,"
7,15 €","7,06 €","1,06 €/100ml
 | 
1,05 €/100ml",Acondicionador para rizos encrespados Rizos Definidos Pantene Pro-V 675 ml.,Ver productos de la promocion,"Anadir
",https://www.carrefour.es/supermercado/perfumeria-e-higiene/cat20004/c?offset=552
366,"
7,15 €","7,06 €","1,06 €/100ml
 | 
1,05 €/100ml",Acondicionador para cabello encrespado o apagado Suave & Liso Pantene Pro-V 675 ml.,Ver productos de la promocion,"Anadir
",https://www.carrefour.es/supermercado/perfumeria-e-higiene/cat20004/c?offset=552
367,"
2,99 €","2,85 €","0,50 €/100ml
 | 
0,48 €/100ml",Gel de ducha Moussel 600 ml.,Ver productos de la promocion,"Anadir
",https://www.carrefour.es/supermercado/perfumeria-e-higiene/cat20004/c?offset=552
368,"
3,32 €","3,25 €","4,43 €/100ml
 | 
4,33 €/100ml",Dentifrico proteccion profesional Pro-Expert Oral-B 75 ml.,Ver productos de la promocion,"Anadir
",https://www.carrefour.es/supermercado/perfumeria-e-higiene/cat20004/c?offset=552
369,"
2,39 €","2,29 €","3,19 €/100ml
 | 
3,05 €/100ml",Dentifrico blanqueador para dientes mas blancos al instante Max White Optic Colgate 75 ml.,Ver productos de la promocion,"Anadir
",https://www.carrefour.es/supermercado/perfumeria-e-higiene/cat20004/c?offset=552
370,"
2,65 €","2,47 €","3,53 €/100ml
 | 
3,29 €/100ml",Dentifrico original 24h de proteccion completa Total Colgate 75 ml.,Ver productos de la promocion,"Anadir
",https://www.carrefour.es/supermercado/perfumeria-e-higiene/cat20004/c?offset=552
371,"
10,49 €","9,69 €","1,05 €/100ml
 | 
0,97 €/100ml",Acondicionador Repara & Protege para cabello debil o danado Pantene Pro-V 1000 ml.,Ver productos de la promocion,"Anadir
",https://www.carrefour.es/supermercado/perfumeria-e-higiene/cat20004/c?offset=576
372,"
3,15 €","2,99 €","2,10 €/100ml
 | 
1,99 €/100ml",Desodorante en spray para hombre ice dive body Adidas 150 ml.,Ver productos de la promocion,"Anadir
",https://www.carrefour.es/supermercado/perfumeria-e-higiene/cat20004/c?offset=576
373,"
2,99 €","2,85 €","0,50 €/100ml
 | 
0,48 €/100ml",Gel de ducha Moussel 600 ml.,Ver productos de la promocion,"Anadir
",https://www.carrefour.es/supermercado/perfumeria-e-higiene/cat20004/c?offset=576
374,"
3,32 €","3,25 €","4,43 €/100ml
 | 
4,33 €/100ml",Dentifrico proteccion profesional Pro-Expert Oral-B 75 ml.,Ver productos de la promocion,"Anadir
",https://www.carrefour.es/supermercado/perfumeria-e-higiene/cat20004/c?offset=576
375,"
2,39 €","2,29 €","3,19 €/100ml
 | 
3,05 €/100ml",Dentifrico blanqueador para dientes mas blancos al instante Max White Optic Colgate 75 ml.,Ver productos de la promocion,"Anadir
",https://www.carrefour.es/supermercado/perfumeria-e-higiene/cat20004/c?offset=576
376,"
2,65 €","2,47 €","3,53 €/100ml
 | 
3,29 €/100ml",Dentifrico original 24h de proteccion completa Total Colgate 75 ml.,Ver productos de la promocion,"Anadir
",https://www.carrefour.es/supermercado/perfumeria-e-higiene/cat20004/c?offset=576
377,"
3,45 €","3,15 €","2,30 €/100ml
 | 
2,10 €/100ml",DESMA OJOS ESSENCIAL S.NAT 150,Ver productos de la promocion,"Anadir
",https://www.carrefour.es/supermercado/perfumeria-e-higiene/cat20004/c?offset=600
378,"
5,99 €","5,45 €","0,25 €/ud
 | 
0,23 €/ud",Compresas incontinencia normal Indasec 24 ud.,Ver productos de la promocion,"Anadir
",https://www.carrefour.es/supermercado/perfumeria-e-higiene/cat20004/c?offset=600
379,"
2,99 €","2,85 €","0,50 €/100ml
 | 
0,48 €/100ml",Gel de ducha Moussel 600 ml.,Ver productos de la promocion,"Anadir
",https://www.carrefour.es/supermercado/perfumeria-e-higiene/cat20004/c?offset=600
380,"
3,32 €","3,25 €","4,43 €/100ml
 | 
4,33 €/100ml",Dentifrico proteccion profesional Pro-Expert Oral-B 75 ml.,Ver productos de la promocion,"Anadir
",https://www.carrefour.es/supermercado/perfumeria-e-higiene/cat20004/c?offset=600
381,"
2,39 €","2,29 €","3,19 €/100ml
 | 
3,05 €/100ml",Dentifrico blanqueador para dientes mas blancos al instante Max White Optic Colgate 75 ml.,Ver productos de la promocion,"Anadir
",https://www.carrefour.es/supermercado/perfumeria-e-higiene/cat20004/c?offset=600
382,"
2,65 €","2,47 €","3,53 €/100ml
 | 
3,29 €/100ml",Dentifrico original 24h de proteccion completa Total Colgate 75 ml.,Ver productos de la promocion,"Anadir
",https://www.carrefour.es/supermercado/perfumeria-e-higiene/cat20004/c?offset=600
383,"
2,99 €","2,85 €","0,50 €/100ml
 | 
0,48 €/100ml",Gel de ducha Moussel 600 ml.,Ver productos de la promocion,"Anadir
",https://www.carrefour.es/supermercado/perfumeria-e-higiene/cat20004/c?offset=624
384,"
3,32 €","3,25 €","4,43 €/100ml
 | 
4,33 €/100ml",Dentifrico proteccion profesional Pro-Expert Oral-B 75 ml.,Ver productos de la promocion,"Anadir
",https://www.carrefour.es/supermercado/perfumeria-e-higiene/cat20004/c?offset=624
385,"
2,39 €","2,29 €","3,19 €/100ml
 | 
3,05 €/100ml",Dentifrico blanqueador para dientes mas blancos al instante Max White Optic Colgate 75 ml.,Ver productos de la promocion,"Anadir
",https://www.carrefour.es/supermercado/perfumeria-e-higiene/cat20004/c?offset=624
386,"
2,65 €","2,47 €","3,53 €/100ml
 | 
3,29 €/100ml",Dentifrico original 24h de proteccion completa Total Colgate 75 ml.,Ver productos de la promocion,"Anadir
",https://www.carrefour.es/supermercado/perfumeria-e-higiene/cat20004/c?offset=624
387,"
4,59 €","4,35 €","0,46 €/ud
 | 
0,43 €/ud",Desechable Blue II Plus Gillette 10 ud.,Ver productos de la promocion,"Anadir
",https://www.carrefour.es/supermercado/perfumeria-e-higiene/cat20004/c?offset=648
388,"
28,10 €","26,50 €","56,20 €/100ml
 | 
53 €/100ml",Crema facial de dia formula con vitamina B3 y niacinamida 24H de hidratacion Regenerist Olay 50 ml.,Ver productos de la promocion,"Anadir
",https://www.carrefour.es/supermercado/perfumeria-e-higiene/cat20004/c?offset=648
389,"
5,29 €","4,99 €","1,92 €/100ml
 | 
1,81 €/100ml",Acondicionador repara & suaviza extra aloe + hemp bio:renew Herbal Essences 275 ml.,Ver productos de la promocion,"Anadir
",https://www.carrefour.es/supermercado/perfumeria-e-higiene/cat20004/c?offset=648
390,"
2,99 €","2,85 €","0,50 €/100ml
 | 
0,48 €/100ml",Gel de ducha Moussel 600 ml.,Ver productos de la promocion,"Anadir
",https://www.carrefour.es/supermercado/perfumeria-e-higiene/cat20004/c?offset=648
391,"
3,32 €","3,25 €","4,43 €/100ml
 | 
4,33 €/100ml",Dentifrico proteccion profesional Pro-Expert Oral-B 75 ml.,Ver productos de la promocion,"Anadir
",https://www.carrefour.es/supermercado/perfumeria-e-higiene/cat20004/c?offset=648
392,"
2,39 €","2,29 €","3,19 €/100ml
 | 
3,05 €/100ml",Dentifrico blanqueador para dientes mas blancos al instante Max White Optic Colgate 75 ml.,Ver productos de la promocion,"Anadir
",https://www.carrefour.es/supermercado/perfumeria-e-higiene/cat20004/c?offset=648
393,"
2,65 €","2,47 €","3,53 €/100ml
 | 
3,29 €/100ml",Dentifrico original 24h de proteccion completa Total Colgate 75 ml.,Ver productos de la promocion,"Anadir
",https://www.carrefour.es/supermercado/perfumeria-e-higiene/cat20004/c?offset=648
394,"
5,49 €","5,19 €","10,98 €/100ml
 | 
10,38 €/100ml",Crema Hidratante Facial Te verde Garnier-Skin Naturals 50 ml.,Ver productos de la promocion,"Anadir
",https://www.carrefour.es/supermercado/perfumeria-e-higiene/cat20004/c?offset=672
395,"
2,99 €","2,85 €","0,50 €/100ml
 | 
0,48 €/100ml",Gel de ducha Moussel 600 ml.,Ver productos de la promocion,"Anadir
",https://www.carrefour.es/supermercado/perfumeria-e-higiene/cat20004/c?offset=672
396,"
3,32 €","3,25 €","4,43 €/100ml
 | 
4,33 €/100ml",Dentifrico proteccion profesional Pro-Expert Oral-B 75 ml.,Ver productos de la promocion,"Anadir
",https://www.carrefour.es/supermercado/perfumeria-e-higiene/cat20004/c?offset=672
397,"
2,39 €","2,29 €","3,19 €/100ml
 | 
3,05 €/100ml",Dentifrico blanqueador para dientes mas blancos al instante Max White Optic Colgate 75 ml.,Ver productos de la promocion,"Anadir
",https://www.carrefour.es/supermercado/perfumeria-e-higiene/cat20004/c?offset=672
398,"
2,65 €","2,47 €","3,53 €/100ml
 | 
3,29 €/100ml",Dentifrico original 24h de proteccion completa Total Colgate 75 ml.,Ver productos de la promocion,"Anadir
",https://www.carrefour.es/supermercado/perfumeria-e-higiene/cat20004/c?offset=672
399,"
4,19 €","4,11 €","1,40 €/ud
 | 
1,37 €/ud",Tratamiento intensivo en ampollas rescate para pelo danado Suave & Liso Pantene Pro-V 45 ml.,Ver productos de la promocion,"Anadir
",https://www.carrefour.es/supermercado/perfumeria-e-higiene/cat20004/c?offset=696
400,"
4,05 €","3,59 €","8,10 €/100ml
 | 
7,18 €/100ml",Desodorante stick Men Cobalt Blue Rexona 50 ml.,Ver productos de la promocion,"Anadir
",https://www.carrefour.es/supermercado/perfumeria-e-higiene/cat20004/c?offset=696
401,"
2,99 €","2,85 €","0,50 €/100ml
 | 
0,48 €/100ml",Gel de ducha Moussel 600 ml.,Ver productos de la promocion,"Anadir
",https://www.carrefour.es/supermercado/perfumeria-e-higiene/cat20004/c?offset=696
402,"
3,32 €","3,25 €","4,43 €/100ml
 | 
4,33 €/100ml",Dentifrico proteccion profesional Pro-Expert Oral-B 75 ml.,Ver productos de la promocion,"Anadir
",https://www.carrefour.es/supermercado/perfumeria-e-higiene/cat20004/c?offset=696
403,"
2,39 €","2,29 €","3,19 €/100ml
 | 
3,05 €/100ml",Dentifrico blanqueador para dientes mas blancos al instante Max White Optic Colgate 75 ml.,Ver productos de la promocion,"Anadir
",https://www.carrefour.es/supermercado/perfumeria-e-higiene/cat20004/c?offset=696
404,"
2,65 €","2,47 €","3,53 €/100ml
 | 
3,29 €/100ml",Dentifrico original 24h de proteccion completa Total Colgate 75 ml.,Ver productos de la promocion,"Anadir
",https://www.carrefour.es/supermercado/perfumeria-e-higiene/cat20004/c?offset=696
405,"
5,95 €","3,97 €/100ml",Gel limpiador detox con citronela ecologico Garnier 150 ml.,Bio,Ver productos de la promocion,"Anadir
",https://www.carrefour.es/supermercado/perfumeria-e-higiene/cat20004/c?offset=720
406,"
2,99 €","2,85 €","0,50 €/100ml
 | 
0,48 €/100ml",Gel de ducha Moussel 600 ml.,Ver productos de la promocion,"Anadir
",https://www.carrefour.es/supermercado/perfumeria-e-higiene/cat20004/c?offset=720
407,"
3,32 €","3,25 €","4,43 €/100ml
 | 
4,33 €/100ml",Dentifrico proteccion profesional Pro-Expert Oral-B 75 ml.,Ver productos de la promocion,"Anadir
",https://www.carrefour.es/supermercado/perfumeria-e-higiene/cat20004/c?offset=720
408,"
2,39 €","2,29 €","3,19 €/100ml
 | 
3,05 €/100ml",Dentifrico blanqueador para dientes mas blancos al instante Max White Optic Colgate 75 ml.,Ver productos de la promocion,"Anadir
",https://www.carrefour.es/supermercado/perfumeria-e-higiene/cat20004/c?offset=720
409,"
2,65 €","2,47 €","3,53 €/100ml
 | 
3,29 €/100ml",Dentifrico original 24h de proteccion completa Total Colgate 75 ml.,Ver productos de la promocion,"Anadir
",https://www.carrefour.es/supermercado/perfumeria-e-higiene/cat20004/c?offset=720
410,"
2,99 €","2,85 €","0,50 €/100ml
 | 
0,48 €/100ml",Gel de ducha Moussel 600 ml.,Ver productos de la promocion,"Anadir
",https://www.carrefour.es/supermercado/perfumeria-e-higiene/cat20004/c?offset=744
411,"
3,32 €","3,25 €","4,43 €/100ml
 | 
4,33 €/100ml",Dentifrico proteccion profesional Pro-Expert Oral-B 75 ml.,Ver productos de la promocion,"Anadir
",https://www.carrefour.es/supermercado/perfumeria-e-higiene/cat20004/c?offset=744
412,"
2,39 €","2,29 €","3,19 €/100ml
 | 
3,05 €/100ml",Dentifrico blanqueador para dientes mas blancos al instante Max White Optic Colgate 75 ml.,Ver productos de la promocion,"Anadir
",https://www.carrefour.es/supermercado/perfumeria-e-higiene/cat20004/c?offset=744
413,"
2,65 €","2,47 €","3,53 €/100ml
 | 
3,29 €/100ml",Dentifrico original 24h de proteccion completa Total Colgate 75 ml.,Ver productos de la promocion,"Anadir
",https://www.carrefour.es/supermercado/perfumeria-e-higiene/cat20004/c?offset=744
414,"
2,99 €","2,85 €","0,50 €/100ml
 | 
0,48 €/100ml",Gel de ducha Moussel 600 ml.,Ver productos de la promocion,"Anadir
",https://www.carrefour.es/supermercado/perfumeria-e-higiene/cat20004/c?offset=768
415,"
3,32 €","3,25 €","4,43 €/100ml
 | 
4,33 €/100ml",Dentifrico proteccion profesional Pro-Expert Oral-B 75 ml.,Ver productos de la promocion,"Anadir
",https://www.carrefour.es/supermercado/perfumeria-e-higiene/cat20004/c?offset=768
416,"
2,39 €","2,29 €","3,19 €/100ml
 | 
3,05 €/100ml",Dentifrico blanqueador para dientes mas blancos al instante Max White Optic Colgate 75 ml.,Ver productos de la promocion,"Anadir
",https://www.carrefour.es/supermercado/perfumeria-e-higiene/cat20004/c?offset=768
417,"
2,65 €","2,47 €","3,53 €/100ml
 | 
3,29 €/100ml",Dentifrico original 24h de proteccion completa Total Colgate 75 ml.,Ver productos de la promocion,"Anadir
",https://www.carrefour.es/supermercado/perfumeria-e-higiene/cat20004/c?offset=768
418,"
28,30 €","26,30 €","188,67 €/100ml
 | 
175,33 €/100ml","Contorno de ojos para las ojeras, arrugas y bolsas Olay 15 ml.",Ver productos de la promocion,"Anadir
",https://www.carrefour.es/supermercado/perfumeria-e-higiene/cat20004/c?offset=792
419,"
4,65 €","4,10 €","2,32 €/100ml
 | 
2,05 €/100ml",Leche limpiadora suave para todo tipo de piel Diadermine 200 ml.,Ver productos de la promocion,"Anadir
",https://www.carrefour.es/supermercado/perfumeria-e-higiene/cat20004/c?offset=792
420,"
31 €","30,45 €","62 €/100ml
 | 
60,90 €/100ml",Crema facial hidratante de noche con retinol sin fragancia Regenerist Retinol24 Olay 50 ml.,Ver productos de la promocion,"Anadir
",https://www.carrefour.es/supermercado/perfumeria-e-higiene/cat20004/c?offset=792
421,"
2,15 €","2,05 €","4,30 €/100ml
 | 
4,10 €/100ml",Desodorante roll-on 6 en 1 Cool&Dry Adidas 50 ml.,Ver productos de la promocion,"Anadir
",https://www.carrefour.es/supermercado/perfumeria-e-higiene/cat20004/c?offset=792
422,"
2,99 €","2,85 €","0,50 €/100ml
 | 
0,48 €/100ml",Gel de ducha Moussel 600 ml.,Ver productos de la promocion,"Anadir
",https://www.carrefour.es/supermercado/perfumeria-e-higiene/cat20004/c?offset=792
423,"
3,32 €","3,25 €","4,43 €/100ml
 | 
4,33 €/100ml",Dentifrico proteccion profesional Pro-Expert Oral-B 75 ml.,Ver productos de la promocion,"Anadir
",https://www.carrefour.es/supermercado/perfumeria-e-higiene/cat20004/c?offset=792
424,"
2,39 €","2,29 €","3,19 €/100ml
 | 
3,05 €/100ml",Dentifrico blanqueador para dientes mas blancos al instante Max White Optic Colgate 75 ml.,Ver productos de la promocion,"Anadir
",https://www.carrefour.es/supermercado/perfumeria-e-higiene/cat20004/c?offset=792
425,"
2,65 €","2,47 €","3,53 €/100ml
 | 
3,29 €/100ml",Dentifrico original 24h de proteccion completa Total Colgate 75 ml.,Ver productos de la promocion,"Anadir
",https://www.carrefour.es/supermercado/perfumeria-e-higiene/cat20004/c?offset=792
426,"
2,99 €","2,85 €","0,50 €/100ml
 | 
0,48 €/100ml",Gel de ducha Moussel 600 ml.,Ver productos de la promocion,"Anadir
",https://www.carrefour.es/supermercado/perfumeria-e-higiene/cat20004/c?offset=816
427,"
3,32 €","3,25 €","4,43 €/100ml
 | 
4,33 €/100ml",Dentifrico proteccion profesional Pro-Expert Oral-B 75 ml.,Ver productos de la promocion,"Anadir
",https://www.carrefour.es/supermercado/perfumeria-e-higiene/cat20004/c?offset=816
428,"
2,39 €","2,29 €","3,19 €/100ml
 | 
3,05 €/100ml",Dentifrico blanqueador para dientes mas blancos al instante Max White Optic Colgate 75 ml.,Ver productos de la promocion,"Anadir
",https://www.carrefour.es/supermercado/perfumeria-e-higiene/cat20004/c?offset=816
429,"
2,65 €","2,47 €","3,53 €/100ml
 | 
3,29 €/100ml",Dentifrico original 24h de proteccion completa Total Colgate 75 ml.,Ver productos de la promocion,"Anadir
",https://www.carrefour.es/supermercado/perfumeria-e-higiene/cat20004/c?offset=816
430,"
19,25 €","18,69 €","38,50 €/100ml
 | 
37,38 €/100ml",Total efect 7 in one Antiedad hidratante SPF15 Olay 50 ml.,Ver productos de la promocion,"Anadir
",https://www.carrefour.es/supermercado/perfumeria-e-higiene/cat20004/c?offset=840
431,"
2,99 €","2,85 €","0,50 €/100ml
 | 
0,48 €/100ml",Gel de ducha Moussel 600 ml.,Ver productos de la promocion,"Anadir
",https://www.carrefour.es/supermercado/perfumeria-e-higiene/cat20004/c?offset=840
432,"
3,32 €","3,25 €","4,43 €/100ml
 | 
4,33 €/100ml",Dentifrico proteccion profesional Pro-Expert Oral-B 75 ml.,Ver productos de la promocion,"Anadir
",https://www.carrefour.es/supermercado/perfumeria-e-higiene/cat20004/c?offset=840
433,"
2,39 €","2,29 €","3,19 €/100ml
 | 
3,05 €/100ml",Dentifrico blanqueador para dientes mas blancos al instante Max White Optic Colgate 75 ml.,Ver productos de la promocion,"Anadir
",https://www.carrefour.es/supermercado/perfumeria-e-higiene/cat20004/c?offset=840
434,"
2,65 €","2,47 €","3,53 €/100ml
 | 
3,29 €/100ml",Dentifrico original 24h de proteccion completa Total Colgate 75 ml.,Ver productos de la promocion,"Anadir
",https://www.carrefour.es/supermercado/perfumeria-e-higiene/cat20004/c?offset=840
435,"
2,99 €","2,85 €","0,50 €/100ml
 | 
0,48 €/100ml",Gel de ducha Moussel 600 ml.,Ver productos de la promocion,"Anadir
",https://www.carrefour.es/supermercado/perfumeria-e-higiene/cat20004/c?offset=864
436,"
3,32 €","3,25 €","4,43 €/100ml
 | 
4,33 €/100ml",Dentifrico proteccion profesional Pro-Expert Oral-B 75 ml.,Ver productos de la promocion,"Anadir
",https://www.carrefour.es/supermercado/perfumeria-e-higiene/cat20004/c?offset=864
437,"
2,39 €","2,29 €","3,19 €/100ml
 | 
3,05 €/100ml",Dentifrico blanqueador para dientes mas blancos al instante Max White Optic Colgate 75 ml.,Ver productos de la promocion,"Anadir
",https://www.carrefour.es/supermercado/perfumeria-e-higiene/cat20004/c?offset=864
438,"
2,65 €","2,47 €","3,53 €/100ml
 | 
3,29 €/100ml",Dentifrico original 24h de proteccion completa Total Colgate 75 ml.,Ver productos de la promocion,"Anadir
",https://www.carrefour.es/supermercado/perfumeria-e-higiene/cat20004/c?offset=864
439,"
8,45 €","7,80 €","8,45 €/100ml
 | 
7,80 €/100ml",After Save Original Old Spice 100 ml.,Ver productos de la promocion,"Anadir
",https://www.carrefour.es/supermercado/perfumeria-e-higiene/cat20004/c?offset=888
440,"
2,99 €","2,85 €","0,50 €/100ml
 | 
0,48 €/100ml",Gel de ducha Moussel 600 ml.,Ver productos de la promocion,"Anadir
",https://www.carrefour.es/supermercado/perfumeria-e-higiene/cat20004/c?offset=888
441,"
3,32 €","3,25 €","4,43 €/100ml
 | 
4,33 €/100ml",Dentifrico proteccion profesional Pro-Expert Oral-B 75 ml.,Ver productos de la promocion,"Anadir
",https://www.carrefour.es/supermercado/perfumeria-e-higiene/cat20004/c?offset=888
442,"
2,39 €","2,29 €","3,19 €/100ml
 | 
3,05 €/100ml",Dentifrico blanqueador para dientes mas blancos al instante Max White Optic Colgate 75 ml.,Ver productos de la promocion,"Anadir
",https://www.carrefour.es/supermercado/perfumeria-e-higiene/cat20004/c?offset=888
443,"
2,65 €","2,47 €","3,53 €/100ml
 | 
3,29 €/100ml",Dentifrico original 24h de proteccion completa Total Colgate 75 ml.,Ver productos de la promocion,"Anadir
",https://www.carrefour.es/supermercado/perfumeria-e-higiene/cat20004/c?offset=888
444,"
3,40 €","3,30 €","8,50 €/100ml
 | 
8,25 €/100ml",Desodorante stick algodon Rexona 40 ml.,Ver productos de la promocion,"Anadir
",https://www.carrefour.es/supermercado/perfumeria-e-higiene/cat20004/c?offset=912
445,"
35,60 €","34,99 €","71,20 €/100ml
 | 
69,98 €/100ml",Crema facial de dia sin perfume Regenerist Collagen Peptide24 Olay 50 ml.,Ver productos de la promocion,"Anadir
",https://www.carrefour.es/supermercado/perfumeria-e-higiene/cat20004/c?offset=912
446,"
2,99 €","2,85 €","0,50 €/100ml
 | 
0,48 €/100ml",Gel de ducha Moussel 600 ml.,Ver productos de la promocion,"Anadir
",https://www.carrefour.es/supermercado/perfumeria-e-higiene/cat20004/c?offset=912
447,"
3,32 €","3,25 €","4,43 €/100ml
 | 
4,33 €/100ml",Dentifrico proteccion profesional Pro-Expert Oral-B 75 ml.,Ver productos de la promocion,"Anadir
",https://www.carrefour.es/supermercado/perfumeria-e-higiene/cat20004/c?offset=912
448,"
2,39 €","2,29 €","3,19 €/100ml
 | 
3,05 €/100ml",Dentifrico blanqueador para dientes mas blancos al instante Max White Optic Colgate 75 ml.,Ver productos de la promocion,"Anadir
",https://www.carrefour.es/supermercado/perfumeria-e-higiene/cat20004/c?offset=912
449,"
2,65 €","2,47 €","3,53 €/100ml
 | 
3,29 €/100ml",Dentifrico original 24h de proteccion completa Total Colgate 75 ml.,Ver productos de la promocion,"Anadir
",https://www.carrefour.es/supermercado/perfumeria-e-higiene/cat20004/c?offset=912
450,"
26,40 €","24,40 €","52,80 €/100ml
 | 
48,80 €/100ml",Serum facial de dia ultra reafirmante Regenerist Olay 50 ml.,Ver productos de la promocion,"Anadir
",https://www.carrefour.es/supermercado/perfumeria-e-higiene/cat20004/c?offset=936
451,"
10,25 €","9,79 €","1,28 €/ud
 | 
1,22 €/ud",Maquinillas desechables piel sensible Sensor3 Gillette 8 ud.,Ver productos de la promocion,"Anadir
",https://www.carrefour.es/supermercado/perfumeria-e-higiene/cat20004/c?offset=936
452,"
5,59 €","1,40 €/100ml",Agua micelar flor de aciando ecologica 400 ml.,Bio,Ver productos de la promocion,"Anadir
",https://www.carrefour.es/supermercado/perfumeria-e-higiene/cat20004/c?offset=936
453,"
2,99 €","2,85 €","0,50 €/100ml
 | 
0,48 €/100ml",Gel de ducha Moussel 600 ml.,Ver productos de la promocion,"Anadir
",https://www.carrefour.es/supermercado/perfumeria-e-higiene/cat20004/c?offset=936
454,"
3,32 €","3,25 €","4,43 €/100ml
 | 
4,33 €/100ml",Dentifrico proteccion profesional Pro-Expert Oral-B 75 ml.,Ver productos de la promocion,"Anadir
",https://www.carrefour.es/supermercado/perfumeria-e-higiene/cat20004/c?offset=936
455,"
2,39 €","2,29 €","3,19 €/100ml
 | 
3,05 €/100ml",Dentifrico blanqueador para dientes mas blancos al instante Max White Optic Colgate 75 ml.,Ver productos de la promocion,"Anadir
",https://www.carrefour.es/supermercado/perfumeria-e-higiene/cat20004/c?offset=936
456,"
2,65 €","2,47 €","3,53 €/100ml
 | 
3,29 €/100ml",Dentifrico original 24h de proteccion completa Total Colgate 75 ml.,Ver productos de la promocion,"Anadir
",https://www.carrefour.es/supermercado/perfumeria-e-higiene/cat20004/c?offset=936
457,"
2,99 €","2,85 €","0,50 €/100ml
 | 
0,48 €/100ml",Gel de ducha Moussel 600 ml.,Ver productos de la promocion,"Anadir
",https://www.carrefour.es/supermercado/perfumeria-e-higiene/cat20004/c?offset=960
458,"
3,32 €","3,25 €","4,43 €/100ml
 | 
4,33 €/100ml",Dentifrico proteccion profesional Pro-Expert Oral-B 75 ml.,Ver productos de la promocion,"Anadir
",https://www.carrefour.es/supermercado/perfumeria-e-higiene/cat20004/c?offset=960
459,"
2,39 €","2,29 €","3,19 €/100ml
 | 
3,05 €/100ml",Dentifrico blanqueador para dientes mas blancos al instante Max White Optic Colgate 75 ml.,Ver productos de la promocion,"Anadir
",https://www.carrefour.es/supermercado/perfumeria-e-higiene/cat20004/c?offset=960
460,"
2,65 €","2,47 €","3,53 €/100ml
 | 
3,29 €/100ml",Dentifrico original 24h de proteccion completa Total Colgate 75 ml.,Ver productos de la promocion,"Anadir
",https://www.carrefour.es/supermercado/perfumeria-e-higiene/cat20004/c?offset=960
461,"
2,99 €","2,85 €","0,50 €/100ml
 | 
0,48 €/100ml",Gel de ducha Moussel 600 ml.,Ver productos de la promocion,"Anadir
",https://www.carrefour.es/supermercado/perfumeria-e-higiene/cat20004/c?offset=984
462,"
3,32 €","3,25 €","4,43 €/100ml
 | 
4,33 €/100ml",Dentifrico proteccion profesional Pro-Expert Oral-B 75 ml.,Ver productos de la promocion,"Anadir
",https://www.carrefour.es/supermercado/perfumeria-e-higiene/cat20004/c?offset=984
463,"
2,39 €","2,29 €","3,19 €/100ml
 | 
3,05 €/100ml",Dentifrico blanqueador para dientes mas blancos al instante Max White Optic Colgate 75 ml.,Ver productos de la promocion,"Anadir
",https://www.carrefour.es/supermercado/perfumeria-e-higiene/cat20004/c?offset=984
464,"
2,65 €","2,47 €","3,53 €/100ml
 | 
3,29 €/100ml",Dentifrico original 24h de proteccion completa Total Colgate 75 ml.,Ver productos de la promocion,"Anadir
",https://www.carrefour.es/supermercado/perfumeria-e-higiene/cat20004/c?offset=984
465,"
3,79 €","3,55 €","0,05 €/lavado
 | 
0,05 €/lavado",Suavizante concentrado azul vital Mimosin 78 lavados.,Ver productos de la promocion,"Anadir
",https://www.carrefour.es/supermercado/limpieza-y-hogar/cat20005/c?offset=24
466,"
11,89 €","11,69 €","0,25 €/lavado
 | 
0,24 €/lavado",Detergente en capsulas original Todo en Uno Pods Ariel 48 lavados.,Ver productos de la promocion,"Anadir
",https://www.carrefour.es/supermercado/limpieza-y-hogar/cat20005/c?offset=24
467,"
5,29 €","4,80 €","0,11 €/m
 | 
0,10 €/m",Papel de aluminio Albal 50 metros.,Ver productos de la promocion,"Anadir
",https://www.carrefour.es/supermercado/limpieza-y-hogar/cat20005/c?offset=24
468,"
9,95 €","9,29 €","0,55 €/ud
 | 
0,52 €/ud",Papel higienico seda 3 capas Foxy 18 rollos.,Ver productos de la promocion,"Anadir
",https://www.carrefour.es/supermercado/limpieza-y-hogar/cat20005/c?offset=24
469,"
3,10 €","2,69 €","2,58 €/l
 | 
2,24 €/l","Limpiahogar con Oxigeno Activo Sanytol 1,2 L",Ver productos de la promocion,"Anadir
",https://www.carrefour.es/supermercado/limpieza-y-hogar/cat20005/c?offset=24
470,"
2,59 €","2,36 €","1,73 €/l
 | 
1,57 €/l","Limpiahogar ph neutro para madera y marmol Don Limpio 1,5 l.",Ver productos de la promocion,"Anadir
",https://www.carrefour.es/supermercado/limpieza-y-hogar/cat20005/c?offset=24
471,"
2,69 €","2,55 €","1,79 €/l
 | 
1,70 €/l","Limpiador de bano Don Limpio 1,5 l.",Ver productos de la promocion,"Anadir
",https://www.carrefour.es/supermercado/limpieza-y-hogar/cat20005/c?offset=24
472,"
3,79 €","3,55 €","0,05 €/lavado
 | 
0,05 €/lavado",Suavizante concentrado azul vital Mimosin 78 lavados.,Ver productos de la promocion,"Anadir
",https://www.carrefour.es/supermercado/limpieza-y-hogar/cat20005/c?offset=24
473,"
11,89 €","11,69 €","0,25 €/lavado
 | 
0,24 €/lavado",Detergente en capsulas original Todo en Uno Pods Ariel 48 lavados.,Ver productos de la promocion,"Anadir
",https://www.carrefour.es/supermercado/limpieza-y-hogar/cat20005/c?offset=24
474,"
5,29 €","4,80 €","0,11 €/m
 | 
0,10 €/m",Papel de aluminio Albal 50 metros.,Ver productos de la promocion,"Anadir
",https://www.carrefour.es/supermercado/limpieza-y-hogar/cat20005/c?offset=24
475,"
2,59 €","2,36 €","1,73 €/l
 | 
1,57 €/l","Limpiahogar madera Don Limpio 1,5 l.",Ver productos de la promocion,"Anadir
",https://www.carrefour.es/supermercado/limpieza-y-hogar/cat20005/c?offset=48
476,"
2,69 €","2,55 €","1,79 €/l
 | 
1,70 €/l","Limpiador de bano Don Limpio 1,5 l.",Ver productos de la promocion,"Anadir
",https://www.carrefour.es/supermercado/limpieza-y-hogar/cat20005/c?offset=48
477,"
3,79 €","3,55 €","0,05 €/lavado
 | 
0,05 €/lavado",Suavizante concentrado azul vital Mimosin 78 lavados.,Ver productos de la promocion,"Anadir
",https://www.carrefour.es/supermercado/limpieza-y-hogar/cat20005/c?offset=48
478,"
11,89 €","11,69 €","0,25 €/lavado
 | 
0,24 €/lavado",Detergente en capsulas original Todo en Uno Pods Ariel 48 lavados.,Ver productos de la promocion,"Anadir
",https://www.carrefour.es/supermercado/limpieza-y-hogar/cat20005/c?offset=48
479,"
5,29 €","4,80 €","0,11 €/m
 | 
0,10 €/m",Papel de aluminio Albal 50 metros.,Ver productos de la promocion,"Anadir
",https://www.carrefour.es/supermercado/limpieza-y-hogar/cat20005/c?offset=48
480,"
2,69 €","2,55 €","1,79 €/l
 | 
1,70 €/l","Limpiador de bano Don Limpio 1,5 l.",Ver productos de la promocion,"Anadir
",https://www.carrefour.es/supermercado/limpieza-y-hogar/cat20005/c?offset=72
481,"
3,79 €","3,55 €","0,05 €/lavado
 | 
0,05 €/lavado",Suavizante concentrado azul vital Mimosin 78 lavados.,Ver productos de la promocion,"Anadir
",https://www.carrefour.es/supermercado/limpieza-y-hogar/cat20005/c?offset=72
482,"
11,89 €","11,69 €","0,25 €/lavado
 | 
0,24 €/lavado",Detergente en capsulas original Todo en Uno Pods Ariel 48 lavados.,Ver productos de la promocion,"Anadir
",https://www.carrefour.es/supermercado/limpieza-y-hogar/cat20005/c?offset=72
483,"
5,29 €","4,80 €","0,11 €/m
 | 
0,10 €/m",Papel de aluminio Albal 50 metros.,Ver productos de la promocion,"Anadir
",https://www.carrefour.es/supermercado/limpieza-y-hogar/cat20005/c?offset=72
484,"
3,75 €","3,69 €","1,39 €/l
 | 
1,37 €/l","Limpiahogar ph neutro Don Limpio 2,7 l.",Ver productos de la promocion,"Anadir
",https://www.carrefour.es/supermercado/limpieza-y-hogar/cat20005/c?offset=96
485,"
6,85 €","6,49 €","0,04 €/lavado
 | 
0,04 €/lavado",Suavizante concentrado azul vital Mimosin 190 lavados.,Ver productos de la promocion,"Anadir
",https://www.carrefour.es/supermercado/limpieza-y-hogar/cat20005/c?offset=96
486,"
16,35 €","16,19 €","0,16 €/lavado
 | 
0,16 €/lavado",Detergente liquido Active Clean Skip 100 lavados,Ver productos de la promocion,"Anadir
",https://www.carrefour.es/supermercado/limpieza-y-hogar/cat20005/c?offset=96
487,"
2,69 €","2,55 €","1,79 €/l
 | 
1,70 €/l","Limpiador de bano Don Limpio 1,5 l.",Ver productos de la promocion,"Anadir
",https://www.carrefour.es/supermercado/limpieza-y-hogar/cat20005/c?offset=96
488,"
3,79 €","3,55 €","0,05 €/lavado
 | 
0,05 €/lavado",Suavizante concentrado azul vital Mimosin 78 lavados.,Ver productos de la promocion,"Anadir
",https://www.carrefour.es/supermercado/limpieza-y-hogar/cat20005/c?offset=96
489,"
11,89 €","11,69 €","0,25 €/lavado
 | 
0,24 €/lavado",Detergente en capsulas original Todo en Uno Pods Ariel 48 lavados.,Ver productos de la promocion,"Anadir
",https://www.carrefour.es/supermercado/limpieza-y-hogar/cat20005/c?offset=96
490,"
5,29 €","4,80 €","0,11 €/m
 | 
0,10 €/m",Papel de aluminio Albal 50 metros.,Ver productos de la promocion,"Anadir
",https://www.carrefour.es/supermercado/limpieza-y-hogar/cat20005/c?offset=96
491,"
16,55 €","16,39 €","0,24 €/lavado
 | 
0,23 €/lavado",Detergente en capsulas All in 1 Pods Ariel 70 ud.,Ver productos de la promocion,"Agotado temporalmente
",https://www.carrefour.es/supermercado/limpieza-y-hogar/cat20005/c?offset=120
492,"
20,90 €","19,48 €","0,25 €/lavado
 | 
0,23 €/lavado",Lavavajillas maquina Todo en 1 en pastillas Calgonit Finish 85 ud.,Ver productos de la promocion,"Anadir
",https://www.carrefour.es/supermercado/limpieza-y-hogar/cat20005/c?offset=120
493,"
2,69 €","2,55 €","1,79 €/l
 | 
1,70 €/l","Limpiador de bano Don Limpio 1,5 l.",Ver productos de la promocion,"Anadir
",https://www.carrefour.es/supermercado/limpieza-y-hogar/cat20005/c?offset=120
494,"
3,79 €","3,55 €","0,05 €/lavado
 | 
0,05 €/lavado",Suavizante concentrado azul vital Mimosin 78 lavados.,Ver productos de la promocion,"Anadir
",https://www.carrefour.es/supermercado/limpieza-y-hogar/cat20005/c?offset=120
495,"
11,89 €","11,69 €","0,25 €/lavado
 | 
0,24 €/lavado",Detergente en capsulas original Todo en Uno Pods Ariel 48 lavados.,Ver productos de la promocion,"Anadir
",https://www.carrefour.es/supermercado/limpieza-y-hogar/cat20005/c?offset=120
496,"
5,29 €","4,80 €","0,11 €/m
 | 
0,10 €/m",Papel de aluminio Albal 50 metros.,Ver productos de la promocion,"Anadir
",https://www.carrefour.es/supermercado/limpieza-y-hogar/cat20005/c?offset=120
497,"
8,89 €","8,65 €","0,18 €/lavado
 | 
0,17 €/lavado",Detergente liquido Total 3+1 Dixan 50 lavados.,Ver productos de la promocion,"Anadir
",https://www.carrefour.es/supermercado/limpieza-y-hogar/cat20005/c?offset=144
498,"
4,75 €","4,49 €","2,37 €/ud
 | 
2,24 €/ud",Discos wc activos inodoros aroma lima recambio Pato 2 ud.,Ver productos de la promocion,"Anadir
",https://www.carrefour.es/supermercado/limpieza-y-hogar/cat20005/c?offset=144
499,"
2,69 €","2,55 €","1,79 €/l
 | 
1,70 €/l","Limpiador de bano Don Limpio 1,5 l.",Ver productos de la promocion,"Anadir
",https://www.carrefour.es/supermercado/limpieza-y-hogar/cat20005/c?offset=144
500,"
3,79 €","3,55 €","0,05 €/lavado
 | 
0,05 €/lavado",Suavizante concentrado azul vital Mimosin 78 lavados.,Ver productos de la promocion,"Anadir
",https://www.carrefour.es/supermercado/limpieza-y-hogar/cat20005/c?offset=144
501,"
11,89 €","11,69 €","0,25 €/lavado
 | 
0,24 €/lavado",Detergente en capsulas original Todo en Uno Pods Ariel 48 lavados.,Ver productos de la promocion,"Anadir
",https://www.carrefour.es/supermercado/limpieza-y-hogar/cat20005/c?offset=144
502,"
5,29 €","4,80 €","0,11 €/m
 | 
0,10 €/m",Papel de aluminio Albal 50 metros.,Ver productos de la promocion,"Anadir
",https://www.carrefour.es/supermercado/limpieza-y-hogar/cat20005/c?offset=144
503,"
11,67 €","10,99 €","0,22 €/ud
 | 
0,20 €/ud",Lavavajillas maquina quantum max en pastillas Finish 54 ud.,Ver productos de la promocion,"Anadir
",https://www.carrefour.es/supermercado/limpieza-y-hogar/cat20005/c?offset=168
504,"
6,19 €","5,75 €","22,51 €/kg
 | 
20,91 €/kg",Perlas de fragancia para la ropa estallido de pasion Intense Mimosin 275 g.,Ver productos de la promocion,"Anadir
",https://www.carrefour.es/supermercado/limpieza-y-hogar/cat20005/c?offset=168
505,"
4,05 €","3,83 €","1,50 €/l
 | 
1,42 €/l","Limpiador de bano Don Limpio 2,7 l.",Ver productos de la promocion,"Anadir
",https://www.carrefour.es/supermercado/limpieza-y-hogar/cat20005/c?offset=168
506,"
3,69 €","3,57 €","12,30 €/l
 | 
11,90 €/l",Aerosol desinfectante hogar y tejidos Sanytol 300 ml.,Ver productos de la promocion,"Anadir
",https://www.carrefour.es/supermercado/limpieza-y-hogar/cat20005/c?offset=168
507,"
2,69 €","2,55 €","1,79 €/l
 | 
1,70 €/l","Limpiador de bano Don Limpio 1,5 l.",Ver productos de la promocion,"Anadir
",https://www.carrefour.es/supermercado/limpieza-y-hogar/cat20005/c?offset=168
508,"
3,79 €","3,55 €","0,05 €/lavado
 | 
0,05 €/lavado",Suavizante concentrado azul vital Mimosin 78 lavados.,Ver productos de la promocion,"Anadir
",https://www.carrefour.es/supermercado/limpieza-y-hogar/cat20005/c?offset=168
509,"
11,89 €","11,69 €","0,25 €/lavado
 | 
0,24 €/lavado",Detergente en capsulas original Todo en Uno Pods Ariel 48 lavados.,Ver productos de la promocion,"Anadir
",https://www.carrefour.es/supermercado/limpieza-y-hogar/cat20005/c?offset=168
510,"
5,29 €","4,80 €","0,11 €/m
 | 
0,10 €/m",Papel de aluminio Albal 50 metros.,Ver productos de la promocion,"Anadir
",https://www.carrefour.es/supermercado/limpieza-y-hogar/cat20005/c?offset=168
511,"
13,79 €","12,85 €","0,37 €/ud
 | 
0,35 €/ud",Lavavajillas a maquina platinum plus aroma limonTodo en 1 en capsulas Fairy 37 ud.,Ver productos de la promocion,"Anadir
",https://www.carrefour.es/supermercado/limpieza-y-hogar/cat20005/c?offset=192
512,"
7,59 €","7,09 €","0,05 €/lavado
 | 
0,05 €/lavado",Suavizante concentrado azul Flor 156 lavados.,Ver productos de la promocion,"Anadir
",https://www.carrefour.es/supermercado/limpieza-y-hogar/cat20005/c?offset=192
513,"
2,69 €","2,55 €","1,79 €/l
 | 
1,70 €/l","Limpiador de bano Don Limpio 1,5 l.",Ver productos de la promocion,"Anadir
",https://www.carrefour.es/supermercado/limpieza-y-hogar/cat20005/c?offset=192
514,"
3,79 €","3,55 €","0,05 €/lavado
 | 
0,05 €/lavado",Suavizante concentrado azul vital Mimosin 78 lavados.,Ver productos de la promocion,"Anadir
",https://www.carrefour.es/supermercado/limpieza-y-hogar/cat20005/c?offset=192
515,"
11,89 €","11,69 €","0,25 €/lavado
 | 
0,24 €/lavado",Detergente en capsulas original Todo en Uno Pods Ariel 48 lavados.,Ver productos de la promocion,"Anadir
",https://www.carrefour.es/supermercado/limpieza-y-hogar/cat20005/c?offset=192
516,"
5,29 €","4,80 €","0,11 €/m
 | 
0,10 €/m",Papel de aluminio Albal 50 metros.,Ver productos de la promocion,"Anadir
",https://www.carrefour.es/supermercado/limpieza-y-hogar/cat20005/c?offset=192
517,"
13,99 €","13,49 €","0,25 €/lavado
 | 
0,25 €/lavado",Lavavajillas maquina original Todo en 1 en capsulas Fairy 55 ud.,Ver productos de la promocion,"Anadir
",https://www.carrefour.es/supermercado/limpieza-y-hogar/cat20005/c?offset=216
518,"
3,79 €","3,49 €","0,07 €/lavado
 | 
0,07 €/lavado",Suavizante concentrado explosion de frescor Intense Mimosin 52 lavados.,Ver productos de la promocion,"Anadir
",https://www.carrefour.es/supermercado/limpieza-y-hogar/cat20005/c?offset=216
519,"
9,39 €","9,19 €","0,23 €/lavado
 | 
0,23 €/lavado",Detergente liquido 2 en 1 Vanish Colon 40 lavados.,Ver productos de la promocion,"Anadir
",https://www.carrefour.es/supermercado/limpieza-y-hogar/cat20005/c?offset=216
520,"
2,69 €","2,55 €","1,79 €/l
 | 
1,70 €/l","Limpiador de bano Don Limpio 1,5 l.",Ver productos de la promocion,"Anadir
",https://www.carrefour.es/supermercado/limpieza-y-hogar/cat20005/c?offset=216
521,"
3,79 €","3,55 €","0,05 €/lavado
 | 
0,05 €/lavado",Suavizante concentrado azul vital Mimosin 78 lavados.,Ver productos de la promocion,"Anadir
",https://www.carrefour.es/supermercado/limpieza-y-hogar/cat20005/c?offset=216
522,"
11,89 €","11,69 €","0,25 €/lavado
 | 
0,24 €/lavado",Detergente en capsulas original Todo en Uno Pods Ariel 48 lavados.,Ver productos de la promocion,"Anadir
",https://www.carrefour.es/supermercado/limpieza-y-hogar/cat20005/c?offset=216
523,"
5,29 €","4,80 €","0,11 €/m
 | 
0,10 €/m",Papel de aluminio Albal 50 metros.,Ver productos de la promocion,"Anadir
",https://www.carrefour.es/supermercado/limpieza-y-hogar/cat20005/c?offset=216
524,"
2,69 €","2,55 €","1,79 €/l
 | 
1,70 €/l","Limpiador de bano Don Limpio 1,5 l.",Ver productos de la promocion,"Anadir
",https://www.carrefour.es/supermercado/limpieza-y-hogar/cat20005/c?offset=240
525,"
3,79 €","3,55 €","0,05 €/lavado
 | 
0,05 €/lavado",Suavizante concentrado azul vital Mimosin 78 lavados.,Ver productos de la promocion,"Anadir
",https://www.carrefour.es/supermercado/limpieza-y-hogar/cat20005/c?offset=240
526,"
11,89 €","11,69 €","0,25 €/lavado
 | 
0,24 €/lavado",Detergente en capsulas original Todo en Uno Pods Ariel 48 lavados.,Ver productos de la promocion,"Anadir
",https://www.carrefour.es/supermercado/limpieza-y-hogar/cat20005/c?offset=240
527,"
5,29 €","4,80 €","0,11 €/m
 | 
0,10 €/m",Papel de aluminio Albal 50 metros.,Ver productos de la promocion,"Anadir
",https://www.carrefour.es/supermercado/limpieza-y-hogar/cat20005/c?offset=240
528,"
2,69 €","2,55 €","1,79 €/l
 | 
1,70 €/l","Limpiador de bano Don Limpio 1,5 l.",Ver productos de la promocion,"Anadir
",https://www.carrefour.es/supermercado/limpieza-y-hogar/cat20005/c?offset=264
529,"
3,79 €","3,55 €","0,05 €/lavado
 | 
0,05 €/lavado",Suavizante concentrado azul vital Mimosin 78 lavados.,Ver productos de la promocion,"Anadir
",https://www.carrefour.es/supermercado/limpieza-y-hogar/cat20005/c?offset=264
530,"
11,89 €","11,69 €","0,25 €/lavado
 | 
0,24 €/lavado",Detergente en capsulas original Todo en Uno Pods Ariel 48 lavados.,Ver productos de la promocion,"Anadir
",https://www.carrefour.es/supermercado/limpieza-y-hogar/cat20005/c?offset=264
531,"
5,29 €","4,80 €","0,11 €/m
 | 
0,10 €/m",Papel de aluminio Albal 50 metros.,Ver productos de la promocion,"Anadir
",https://www.carrefour.es/supermercado/limpieza-y-hogar/cat20005/c?offset=264
532,"
17,55 €","16,39 €","0,27 €/ud
 | 
0,25 €/ud",Lavavajillas maquina Todo en 1 regular Max Finish 65 ud.,Ver productos de la promocion,"Anadir
",https://www.carrefour.es/supermercado/limpieza-y-hogar/cat20005/c?offset=288
533,"
2,69 €","2,55 €","1,79 €/l
 | 
1,70 €/l","Limpiador de bano Don Limpio 1,5 l.",Ver productos de la promocion,"Anadir
",https://www.carrefour.es/supermercado/limpieza-y-hogar/cat20005/c?offset=288
534,"
3,79 €","3,55 €","0,05 €/lavado
 | 
0,05 €/lavado",Suavizante concentrado azul vital Mimosin 78 lavados.,Ver productos de la promocion,"Anadir
",https://www.carrefour.es/supermercado/limpieza-y-hogar/cat20005/c?offset=288
535,"
11,89 €","11,69 €","0,25 €/lavado
 | 
0,24 €/lavado",Detergente en capsulas original Todo en Uno Pods Ariel 48 lavados.,Ver productos de la promocion,"Anadir
",https://www.carrefour.es/supermercado/limpieza-y-hogar/cat20005/c?offset=288
536,"
5,29 €","4,80 €","0,11 €/m
 | 
0,10 €/m",Papel de aluminio Albal 50 metros.,Ver productos de la promocion,"Anadir
",https://www.carrefour.es/supermercado/limpieza-y-hogar/cat20005/c?offset=288
537,"
17,95 €","13,99 €","0,19 €/lavado
 | 
0,15 €/lavado",Detergente liquido gel activo Colon 90 lavados.,Ver productos de la promocion,"Anadir
",https://www.carrefour.es/supermercado/limpieza-y-hogar/cat20005/c?offset=312
538,"
2,69 €","2,55 €","1,79 €/l
 | 
1,70 €/l","Limpiador de bano Don Limpio 1,5 l.",Ver productos de la promocion,"Anadir
",https://www.carrefour.es/supermercado/limpieza-y-hogar/cat20005/c?offset=312
539,"
3,79 €","3,55 €","0,05 €/lavado
 | 
0,05 €/lavado",Suavizante concentrado azul vital Mimosin 78 lavados.,Ver productos de la promocion,"Anadir
",https://www.carrefour.es/supermercado/limpieza-y-hogar/cat20005/c?offset=312
540,"
11,89 €","11,69 €","0,25 €/lavado
 | 
0,24 €/lavado",Detergente en capsulas original Todo en Uno Pods Ariel 48 lavados.,Ver productos de la promocion,"Anadir
",https://www.carrefour.es/supermercado/limpieza-y-hogar/cat20005/c?offset=312
541,"
5,29 €","4,80 €","0,11 €/m
 | 
0,10 €/m",Papel de aluminio Albal 50 metros.,Ver productos de la promocion,"Anadir
",https://www.carrefour.es/supermercado/limpieza-y-hogar/cat20005/c?offset=312
542,"
3,85 €","3,29 €","0,06 €/lavado
 | 
0,05 €/lavado",Suavizante concentrado Elixir Sensorial Flor 60 lavados.,Ver productos de la promocion,"Anadir
",https://www.carrefour.es/supermercado/limpieza-y-hogar/cat20005/c?offset=336
543,"
11,69 €","10,95 €","14,61 €/kg
 | 
13,69 €/kg",Potenciador de lavado en polvo Vanish Oxi-Advance 800 g.,Ver productos de la promocion,"Anadir
",https://www.carrefour.es/supermercado/limpieza-y-hogar/cat20005/c?offset=336
544,"
7,59 €","7,09 €","0,05 €/lavado
 | 
0,05 €/lavado",Flor Suavizante Hiper Ahorro Nenuco 156 Lavados,Ver productos de la promocion,"Anadir
",https://www.carrefour.es/supermercado/limpieza-y-hogar/cat20005/c?offset=336
545,"
10,19 €","9,95 €","0,20 €/lavado
 | 
0,20 €/lavado",Detergente en polvo Colon 50 cacitos,Ver productos de la promocion,"Anadir
",https://www.carrefour.es/supermercado/limpieza-y-hogar/cat20005/c?offset=336
546,"
2,69 €","2,55 €","1,79 €/l
 | 
1,70 €/l","Limpiador de bano Don Limpio 1,5 l.",Ver productos de la promocion,"Anadir
",https://www.carrefour.es/supermercado/limpieza-y-hogar/cat20005/c?offset=336
547,"
3,79 €","3,55 €","0,05 €/lavado
 | 
0,05 €/lavado",Suavizante concentrado azul vital Mimosin 78 lavados.,Ver productos de la promocion,"Anadir
",https://www.carrefour.es/supermercado/limpieza-y-hogar/cat20005/c?offset=336
548,"
11,89 €","11,69 €","0,25 €/lavado
 | 
0,24 €/lavado",Detergente en capsulas original Todo en Uno Pods Ariel 48 lavados.,Ver productos de la promocion,"Anadir
",https://www.carrefour.es/supermercado/limpieza-y-hogar/cat20005/c?offset=336
549,"
5,29 €","4,80 €","0,11 €/m
 | 
0,10 €/m",Papel de aluminio Albal 50 metros.,Ver productos de la promocion,"Anadir
",https://www.carrefour.es/supermercado/limpieza-y-hogar/cat20005/c?offset=336
550,"
8,49 €","8,29 €","29,79 €/kg
 | 
29,09 €/kg",Perfume para la ropa en perlas concentrado fresh Unstoppables Lenor 285 g.,Ver productos de la promocion,"Agotado temporalmente
",https://www.carrefour.es/supermercado/limpieza-y-hogar/cat20005/c?offset=360
551,"
18,45 €","17,65 €","0,43 €/lavado
 | 
0,41 €/lavado",Detergente en capsulas extra higiene ultra oxy effect Ariel 43 ud.,Ver productos de la promocion,"Anadir
",https://www.carrefour.es/supermercado/limpieza-y-hogar/cat20005/c?offset=360
552,"
11,69 €","10,95 €","14,61 €/kg
 | 
13,69 €/kg",Quitamanchas en polvo para la ropa blanca Oxi Advance Vanish 800 g.,Ver productos de la promocion,"Anadir
",https://www.carrefour.es/supermercado/limpieza-y-hogar/cat20005/c?offset=360
553,"
4,09 €","3,89 €","0,09 €/lavado
 | 
0,09 €/lavado",Suavizante concentrado jazmin fresco y lavanda silvestre Botanical Origin 45 lavados.,Ver productos de la promocion,"Anadir
",https://www.carrefour.es/supermercado/limpieza-y-hogar/cat20005/c?offset=360
554,"
2,69 €","2,55 €","1,79 €/l
 | 
1,70 €/l","Limpiador de bano Don Limpio 1,5 l.",Ver productos de la promocion,"Anadir
",https://www.carrefour.es/supermercado/limpieza-y-hogar/cat20005/c?offset=360
555,"
3,79 €","3,55 €","0,05 €/lavado
 | 
0,05 €/lavado",Suavizante concentrado azul vital Mimosin 78 lavados.,Ver productos de la promocion,"Anadir
",https://www.carrefour.es/supermercado/limpieza-y-hogar/cat20005/c?offset=360
556,"
11,89 €","11,69 €","0,25 €/lavado
 | 
0,24 €/lavado",Detergente en capsulas original Todo en Uno Pods Ariel 48 lavados.,Ver productos de la promocion,"Anadir
",https://www.carrefour.es/supermercado/limpieza-y-hogar/cat20005/c?offset=360
557,"
5,29 €","4,80 €","0,11 €/m
 | 
0,10 €/m",Papel de aluminio Albal 50 metros.,Ver productos de la promocion,"Anadir
",https://www.carrefour.es/supermercado/limpieza-y-hogar/cat20005/c?offset=360
558,"
24,89 €","23,98 €","0,30 €/ud
 | 
0,29 €/ud",Lavavajillas a maquina en pastillas Quantum Ultimate Finish Powerball 84 ud.,Ver productos de la promocion,"Anadir
",https://www.carrefour.es/supermercado/limpieza-y-hogar/cat20005/c?offset=384
559,"
4,99 €","4,65 €","12,47 €/100ml
 | 
11,62 €/100ml",Ambientador de varillas azahar y mandarina Cristalinas 40 ml.,Ver productos de la promocion,"Anadir
",https://www.carrefour.es/supermercado/limpieza-y-hogar/cat20005/c?offset=384
560,"
2,69 €","2,55 €","1,79 €/l
 | 
1,70 €/l","Limpiador de bano Don Limpio 1,5 l.",Ver productos de la promocion,"Anadir
",https://www.carrefour.es/supermercado/limpieza-y-hogar/cat20005/c?offset=384
561,"
3,79 €","3,55 €","0,05 €/lavado
 | 
0,05 €/lavado",Suavizante concentrado azul vital Mimosin 78 lavados.,Ver productos de la promocion,"Anadir
",https://www.carrefour.es/supermercado/limpieza-y-hogar/cat20005/c?offset=384
562,"
11,89 €","11,69 €","0,25 €/lavado
 | 
0,24 €/lavado",Detergente en capsulas original Todo en Uno Pods Ariel 48 lavados.,Ver productos de la promocion,"Anadir
",https://www.carrefour.es/supermercado/limpieza-y-hogar/cat20005/c?offset=384
563,"
5,29 €","4,80 €","0,11 €/m
 | 
0,10 €/m",Papel de aluminio Albal 50 metros.,Ver productos de la promocion,"Anadir
",https://www.carrefour.es/supermercado/limpieza-y-hogar/cat20005/c?offset=384
564,"
2,85 €","2,69 €","2,85 €/ud
 | 
2,69 €/ud",Discos wc activos inodoros frescor marino aparato + recambio Pato 1 ud.,Ver productos de la promocion,"Anadir
",https://www.carrefour.es/supermercado/limpieza-y-hogar/cat20005/c?offset=408
565,"
2,69 €","2,55 €","1,79 €/l
 | 
1,70 €/l","Limpiador de bano Don Limpio 1,5 l.",Ver productos de la promocion,"Anadir
",https://www.carrefour.es/supermercado/limpieza-y-hogar/cat20005/c?offset=408
566,"
3,79 €","3,55 €","0,05 €/lavado
 | 
0,05 €/lavado",Suavizante concentrado azul vital Mimosin 78 lavados.,Ver productos de la promocion,"Anadir
",https://www.carrefour.es/supermercado/limpieza-y-hogar/cat20005/c?offset=408
567,"
11,89 €","11,69 €","0,25 €/lavado
 | 
0,24 €/lavado",Detergente en capsulas original Todo en Uno Pods Ariel 48 lavados.,Ver productos de la promocion,"Anadir
",https://www.carrefour.es/supermercado/limpieza-y-hogar/cat20005/c?offset=408
568,"
5,29 €","4,80 €","0,11 €/m
 | 
0,10 €/m",Papel de aluminio Albal 50 metros.,Ver productos de la promocion,"Anadir
",https://www.carrefour.es/supermercado/limpieza-y-hogar/cat20005/c?offset=408
569,"
2,69 €","2,55 €","1,79 €/l
 | 
1,70 €/l","Limpiador de bano Don Limpio 1,5 l.",Ver productos de la promocion,"Anadir
",https://www.carrefour.es/supermercado/limpieza-y-hogar/cat20005/c?offset=432
570,"
3,79 €","3,55 €","0,05 €/lavado
 | 
0,05 €/lavado",Suavizante concentrado azul vital Mimosin 78 lavados.,Ver productos de la promocion,"Anadir
",https://www.carrefour.es/supermercado/limpieza-y-hogar/cat20005/c?offset=432
571,"
11,89 €","11,69 €","0,25 €/lavado
 | 
0,24 €/lavado",Detergente en capsulas original Todo en Uno Pods Ariel 48 lavados.,Ver productos de la promocion,"Anadir
",https://www.carrefour.es/supermercado/limpieza-y-hogar/cat20005/c?offset=432
572,"
5,29 €","4,80 €","0,11 €/m
 | 
0,10 €/m",Papel de aluminio Albal 50 metros.,Ver productos de la promocion,"Anadir
",https://www.carrefour.es/supermercado/limpieza-y-hogar/cat20005/c?offset=432
573,"
9,59 €","9,35 €","0,19 €/lavado
 | 
0,19 €/lavado",Detergente en polvo Total 3+1 Dixan 50 lavados.,Ver productos de la promocion,"Anadir
",https://www.carrefour.es/supermercado/limpieza-y-hogar/cat20005/c?offset=456
574,"
15,49 €","14,89 €","0,39 €/lavado
 | 
0,37 €/lavado",Lavavajillas maquina platinum todo en 1 en capsulas Fairy 40 ud.,Ver productos de la promocion,"Anadir
",https://www.carrefour.es/supermercado/limpieza-y-hogar/cat20005/c?offset=456
575,"
10,49 €","0,17 €/lavado",Lavavajillas maquina 0% en gel ecologico Calgonit Finish 60 lavados,Bio,Ver productos de la promocion,"Anadir
",https://www.carrefour.es/supermercado/limpieza-y-hogar/cat20005/c?offset=456
576,"
2,69 €","2,55 €","1,79 €/l
 | 
1,70 €/l","Limpiador de bano Don Limpio 1,5 l.",Ver productos de la promocion,"Anadir
",https://www.carrefour.es/supermercado/limpieza-y-hogar/cat20005/c?offset=456
577,"
3,79 €","3,55 €","0,05 €/lavado
 | 
0,05 €/lavado",Suavizante concentrado azul vital Mimosin 78 lavados.,Ver productos de la promocion,"Anadir
",https://www.carrefour.es/supermercado/limpieza-y-hogar/cat20005/c?offset=456
578,"
11,89 €","11,69 €","0,25 €/lavado
 | 
0,24 €/lavado",Detergente en capsulas original Todo en Uno Pods Ariel 48 lavados.,Ver productos de la promocion,"Anadir
",https://www.carrefour.es/supermercado/limpieza-y-hogar/cat20005/c?offset=456
579,"
5,29 €","4,80 €","0,11 €/m
 | 
0,10 €/m",Papel de aluminio Albal 50 metros.,Ver productos de la promocion,"Anadir
",https://www.carrefour.es/supermercado/limpieza-y-hogar/cat20005/c?offset=456
580,"
12,69 €","12,24 €","0,28 €/lavado
 | 
0,27 €/lavado",Detergente en capsulas Doble Poder Active Clean Skip 46 lavados.,Ver productos de la promocion,"Anadir
",https://www.carrefour.es/supermercado/limpieza-y-hogar/cat20005/c?offset=480
581,"
2,69 €","2,55 €","1,79 €/l
 | 
1,70 €/l","Limpiador de bano Don Limpio 1,5 l.",Ver productos de la promocion,"Anadir
",https://www.carrefour.es/supermercado/limpieza-y-hogar/cat20005/c?offset=480
582,"
3,79 €","3,55 €","0,05 €/lavado
 | 
0,05 €/lavado",Suavizante concentrado azul vital Mimosin 78 lavados.,Ver productos de la promocion,"Anadir
",https://www.carrefour.es/supermercado/limpieza-y-hogar/cat20005/c?offset=480
583,"
11,89 €","11,69 €","0,25 €/lavado
 | 
0,24 €/lavado",Detergente en capsulas original Todo en Uno Pods Ariel 48 lavados.,Ver productos de la promocion,"Anadir
",https://www.carrefour.es/supermercado/limpieza-y-hogar/cat20005/c?offset=480
584,"
5,29 €","4,80 €","0,11 €/m
 | 
0,10 €/m",Papel de aluminio Albal 50 metros.,Ver productos de la promocion,"Anadir
",https://www.carrefour.es/supermercado/limpieza-y-hogar/cat20005/c?offset=480
585,"
11,69 €","10,95 €","7,31 €/l
 | 
6,84 €/l",Potenciador del lavado liquido Vanish Oxi-Advance 1600 ml.,Ver productos de la promocion,"Anadir
",https://www.carrefour.es/supermercado/limpieza-y-hogar/cat20005/c?offset=504
586,"
10,19 €","0,29 €/lavado",Detergente liquido flor de naranjo y hojas citricas ecologico Botanical Origin 35 lavados.,Bio,Ver productos de la promocion,"Anadir
",https://www.carrefour.es/supermercado/limpieza-y-hogar/cat20005/c?offset=504
587,"
2,69 €","2,55 €","1,79 €/l
 | 
1,70 €/l","Limpiador de bano Don Limpio 1,5 l.",Ver productos de la promocion,"Anadir
",https://www.carrefour.es/supermercado/limpieza-y-hogar/cat20005/c?offset=504
588,"
3,79 €","3,55 €","0,05 €/lavado
 | 
0,05 €/lavado",Suavizante concentrado azul vital Mimosin 78 lavados.,Ver productos de la promocion,"Anadir
",https://www.carrefour.es/supermercado/limpieza-y-hogar/cat20005/c?offset=504
589,"
11,89 €","11,69 €","0,25 €/lavado
 | 
0,24 €/lavado",Detergente en capsulas original Todo en Uno Pods Ariel 48 lavados.,Ver productos de la promocion,"Anadir
",https://www.carrefour.es/supermercado/limpieza-y-hogar/cat20005/c?offset=504
590,"
5,29 €","4,80 €","0,11 €/m
 | 
0,10 €/m",Papel de aluminio Albal 50 metros.,Ver productos de la promocion,"Anadir
",https://www.carrefour.es/supermercado/limpieza-y-hogar/cat20005/c?offset=504
591,"
11,09 €","9,85 €","0,35 €/lavado
 | 
0,31 €/lavado",Detergente en capsulas Vanish Ultra Colon 32 ud.,Ver productos de la promocion,"Anadir
",https://www.carrefour.es/supermercado/limpieza-y-hogar/cat20005/c?offset=528
592,"
2,69 €","2,55 €","1,79 €/l
 | 
1,70 €/l","Limpiador de bano Don Limpio 1,5 l.",Ver productos de la promocion,"Anadir
",https://www.carrefour.es/supermercado/limpieza-y-hogar/cat20005/c?offset=528
593,"
3,79 €","3,55 €","0,05 €/lavado
 | 
0,05 €/lavado",Suavizante concentrado azul vital Mimosin 78 lavados.,Ver productos de la promocion,"Anadir
",https://www.carrefour.es/supermercado/limpieza-y-hogar/cat20005/c?offset=528
594,"
11,89 €","11,69 €","0,25 €/lavado
 | 
0,24 €/lavado",Detergente en capsulas original Todo en Uno Pods Ariel 48 lavados.,Ver productos de la promocion,"Anadir
",https://www.carrefour.es/supermercado/limpieza-y-hogar/cat20005/c?offset=528
595,"
5,29 €","4,80 €","0,11 €/m
 | 
0,10 €/m",Papel de aluminio Albal 50 metros.,Ver productos de la promocion,"Anadir
",https://www.carrefour.es/supermercado/limpieza-y-hogar/cat20005/c?offset=528
596,"
6,95 €","6,59 €","33,10 €/kg
 | 
31,38 €/kg",Perfume para la ropa en perlas concentradas frescor de abril Lenor 210 g.,Ver productos de la promocion,"Anadir
",https://www.carrefour.es/supermercado/limpieza-y-hogar/cat20005/c?offset=552
597,"
5,69 €","5,15 €","5,69 €/ud
 | 
5,15 €/ud",Ambientador mango y lima Decosphere Air Wick 1 ud.,Ver productos de la promocion,"Anadir
",https://www.carrefour.es/supermercado/limpieza-y-hogar/cat20005/c?offset=552
598,"
2,69 €","2,55 €","1,79 €/l
 | 
1,70 €/l","Limpiador de bano Don Limpio 1,5 l.",Ver productos de la promocion,"Anadir
",https://www.carrefour.es/supermercado/limpieza-y-hogar/cat20005/c?offset=552
599,"
3,79 €","3,55 €","0,05 €/lavado
 | 
0,05 €/lavado",Suavizante concentrado azul vital Mimosin 78 lavados.,Ver productos de la promocion,"Anadir
",https://www.carrefour.es/supermercado/limpieza-y-hogar/cat20005/c?offset=552
600,"
11,89 €","11,69 €","0,25 €/lavado
 | 
0,24 €/lavado",Detergente en capsulas original Todo en Uno Pods Ariel 48 lavados.,Ver productos de la promocion,"Anadir
",https://www.carrefour.es/supermercado/limpieza-y-hogar/cat20005/c?offset=552
601,"
5,29 €","4,80 €","0,11 €/m
 | 
0,10 €/m",Papel de aluminio Albal 50 metros.,Ver productos de la promocion,"Anadir
",https://www.carrefour.es/supermercado/limpieza-y-hogar/cat20005/c?offset=552
602,"
2,69 €","2,55 €","1,79 €/l
 | 
1,70 €/l","Limpiador de bano Don Limpio 1,5 l.",Ver productos de la promocion,"Anadir
",https://www.carrefour.es/supermercado/limpieza-y-hogar/cat20005/c?offset=576
603,"
3,79 €","3,55 €","0,05 €/lavado
 | 
0,05 €/lavado",Suavizante concentrado azul vital Mimosin 78 lavados.,Ver productos de la promocion,"Anadir
",https://www.carrefour.es/supermercado/limpieza-y-hogar/cat20005/c?offset=576
604,"
11,89 €","11,69 €","0,25 €/lavado
 | 
0,24 €/lavado",Detergente en capsulas original Todo en Uno Pods Ariel 48 lavados.,Ver productos de la promocion,"Anadir
",https://www.carrefour.es/supermercado/limpieza-y-hogar/cat20005/c?offset=576
605,"
5,29 €","4,80 €","0,11 €/m
 | 
0,10 €/m",Papel de aluminio Albal 50 metros.,Ver productos de la promocion,"Anadir
",https://www.carrefour.es/supermercado/limpieza-y-hogar/cat20005/c?offset=576
606,"
2,69 €","2,55 €","1,79 €/l
 | 
1,70 €/l","Limpiador de bano Don Limpio 1,5 l.",Ver productos de la promocion,"Anadir
",https://www.carrefour.es/supermercado/limpieza-y-hogar/cat20005/c?offset=600
607,"
3,79 €","3,55 €","0,05 €/lavado
 | 
0,05 €/lavado",Suavizante concentrado azul vital Mimosin 78 lavados.,Ver productos de la promocion,"Anadir
",https://www.carrefour.es/supermercado/limpieza-y-hogar/cat20005/c?offset=600
608,"
11,89 €","11,69 €","0,25 €/lavado
 | 
0,24 €/lavado",Detergente en capsulas original Todo en Uno Pods Ariel 48 lavados.,Ver productos de la promocion,"Anadir
",https://www.carrefour.es/supermercado/limpieza-y-hogar/cat20005/c?offset=600
609,"
5,29 €","4,80 €","0,11 €/m
 | 
0,10 €/m",Papel de aluminio Albal 50 metros.,Ver productos de la promocion,"Anadir
",https://www.carrefour.es/supermercado/limpieza-y-hogar/cat20005/c?offset=600
610,"
2,69 €","2,55 €","1,79 €/l
 | 
1,70 €/l","Limpiador de bano Don Limpio 1,5 l.",Ver productos de la promocion,"Anadir
",https://www.carrefour.es/supermercado/limpieza-y-hogar/cat20005/c?offset=624
611,"
3,79 €","3,55 €","0,05 €/lavado
 | 
0,05 €/lavado",Suavizante concentrado azul vital Mimosin 78 lavados.,Ver productos de la promocion,"Anadir
",https://www.carrefour.es/supermercado/limpieza-y-hogar/cat20005/c?offset=624
612,"
11,89 €","11,69 €","0,25 €/lavado
 | 
0,24 €/lavado",Detergente en capsulas original Todo en Uno Pods Ariel 48 lavados.,Ver productos de la promocion,"Anadir
",https://www.carrefour.es/supermercado/limpieza-y-hogar/cat20005/c?offset=624
613,"
5,29 €","4,80 €","0,11 €/m
 | 
0,10 €/m",Papel de aluminio Albal 50 metros.,Ver productos de la promocion,"Anadir
",https://www.carrefour.es/supermercado/limpieza-y-hogar/cat20005/c?offset=624
614,"
4,15 €","3,95 €","0,07 €/lavado
 | 
0,07 €/lavado",Suavizante concentrado floral Revive Flor 60 lavados. ,Ver productos de la promocion,"Anadir
",https://www.carrefour.es/supermercado/limpieza-y-hogar/cat20005/c?offset=648
615,"
2,69 €","2,55 €","1,79 €/l
 | 
1,70 €/l","Limpiador de bano Don Limpio 1,5 l.",Ver productos de la promocion,"Anadir
",https://www.carrefour.es/supermercado/limpieza-y-hogar/cat20005/c?offset=648
616,"
3,79 €","3,55 €","0,05 €/lavado
 | 
0,05 €/lavado",Suavizante concentrado azul vital Mimosin 78 lavados.,Ver productos de la promocion,"Anadir
",https://www.carrefour.es/supermercado/limpieza-y-hogar/cat20005/c?offset=648
617,"
11,89 €","11,69 €","0,25 €/lavado
 | 
0,24 €/lavado",Detergente en capsulas original Todo en Uno Pods Ariel 48 lavados.,Ver productos de la promocion,"Anadir
",https://www.carrefour.es/supermercado/limpieza-y-hogar/cat20005/c?offset=648
618,"
5,29 €","4,80 €","0,11 €/m
 | 
0,10 €/m",Papel de aluminio Albal 50 metros.,Ver productos de la promocion,"Anadir
",https://www.carrefour.es/supermercado/limpieza-y-hogar/cat20005/c?offset=648
619,"
2,69 €","2,55 €","1,79 €/l
 | 
1,70 €/l","Limpiador de bano Don Limpio 1,5 l.",Ver productos de la promocion,"Anadir
",https://www.carrefour.es/supermercado/limpieza-y-hogar/cat20005/c?offset=672
620,"
3,79 €","3,55 €","0,05 €/lavado
 | 
0,05 €/lavado",Suavizante concentrado azul vital Mimosin 78 lavados.,Ver productos de la promocion,"Anadir
",https://www.carrefour.es/supermercado/limpieza-y-hogar/cat20005/c?offset=672
621,"
11,89 €","11,69 €","0,25 €/lavado
 | 
0,24 €/lavado",Detergente en capsulas original Todo en Uno Pods Ariel 48 lavados.,Ver productos de la promocion,"Anadir
",https://www.carrefour.es/supermercado/limpieza-y-hogar/cat20005/c?offset=672
622,"
5,29 €","4,80 €","0,11 €/m
 | 
0,10 €/m",Papel de aluminio Albal 50 metros.,Ver productos de la promocion,"Anadir
",https://www.carrefour.es/supermercado/limpieza-y-hogar/cat20005/c?offset=672
623,"
2,69 €","2,55 €","1,79 €/l
 | 
1,70 €/l","Limpiador de bano Don Limpio 1,5 l.",Ver productos de la promocion,"Anadir
",https://www.carrefour.es/supermercado/limpieza-y-hogar/cat20005/c?offset=696
624,"
3,79 €","3,55 €","0,05 €/lavado
 | 
0,05 €/lavado",Suavizante concentrado azul vital Mimosin 78 lavados.,Ver productos de la promocion,"Anadir
",https://www.carrefour.es/supermercado/limpieza-y-hogar/cat20005/c?offset=696
625,"
11,89 €","11,69 €","0,25 €/lavado
 | 
0,24 €/lavado",Detergente en capsulas original Todo en Uno Pods Ariel 48 lavados.,Ver productos de la promocion,"Anadir
",https://www.carrefour.es/supermercado/limpieza-y-hogar/cat20005/c?offset=696
626,"
5,29 €","4,80 €","0,11 €/m
 | 
0,10 €/m",Papel de aluminio Albal 50 metros.,Ver productos de la promocion,"Anadir
",https://www.carrefour.es/supermercado/limpieza-y-hogar/cat20005/c?offset=696
627,"
3,45 €","3,20 €","3,45 €/ud
 | 
3,20 €/ud",Ambientador de coche frutas del bosque 2 en 1 Cristalinas 1 ud.,Ver productos de la promocion,"Anadir
",https://www.carrefour.es/supermercado/limpieza-y-hogar/cat20005/c?offset=720
628,"
5,25 €","4,85 €","11,67 €/kg
 | 
10,78 €/kg",Quitamanchas desinfectante Lysol 450 g.,Ver productos de la promocion,"Anadir
",https://www.carrefour.es/supermercado/limpieza-y-hogar/cat20005/c?offset=720
629,"
2,69 €","2,55 €","1,79 €/l
 | 
1,70 €/l","Limpiador de bano Don Limpio 1,5 l.",Ver productos de la promocion,"Anadir
",https://www.carrefour.es/supermercado/limpieza-y-hogar/cat20005/c?offset=720
630,"
3,79 €","3,55 €","0,05 €/lavado
 | 
0,05 €/lavado",Suavizante concentrado azul vital Mimosin 78 lavados.,Ver productos de la promocion,"Anadir
",https://www.carrefour.es/supermercado/limpieza-y-hogar/cat20005/c?offset=720
631,"
11,89 €","11,69 €","0,25 €/lavado
 | 
0,24 €/lavado",Detergente en capsulas original Todo en Uno Pods Ariel 48 lavados.,Ver productos de la promocion,"Anadir
",https://www.carrefour.es/supermercado/limpieza-y-hogar/cat20005/c?offset=720
632,"
5,29 €","4,80 €","0,11 €/m
 | 
0,10 €/m",Papel de aluminio Albal 50 metros.,Ver productos de la promocion,"Anadir
",https://www.carrefour.es/supermercado/limpieza-y-hogar/cat20005/c?offset=720
633,"
2,69 €","2,55 €","1,79 €/l
 | 
1,70 €/l","Limpiador de bano Don Limpio 1,5 l.",Ver productos de la promocion,"Anadir
",https://www.carrefour.es/supermercado/limpieza-y-hogar/cat20005/c?offset=744
634,"
3,79 €","3,55 €","0,05 €/lavado
 | 
0,05 €/lavado",Suavizante concentrado azul vital Mimosin 78 lavados.,Ver productos de la promocion,"Anadir
",https://www.carrefour.es/supermercado/limpieza-y-hogar/cat20005/c?offset=744
635,"
11,89 €","11,69 €","0,25 €/lavado
 | 
0,24 €/lavado",Detergente en capsulas original Todo en Uno Pods Ariel 48 lavados.,Ver productos de la promocion,"Anadir
",https://www.carrefour.es/supermercado/limpieza-y-hogar/cat20005/c?offset=744
636,"
5,29 €","4,80 €","0,11 €/m
 | 
0,10 €/m",Papel de aluminio Albal 50 metros.,Ver productos de la promocion,"Anadir
",https://www.carrefour.es/supermercado/limpieza-y-hogar/cat20005/c?offset=744
637,"
2,69 €","2,55 €","1,79 €/l
 | 
1,70 €/l","Limpiador de bano Don Limpio 1,5 l.",Ver productos de la promocion,"Anadir
",https://www.carrefour.es/supermercado/limpieza-y-hogar/cat20005/c?offset=768
638,"
3,79 €","3,55 €","0,05 €/lavado
 | 
0,05 €/lavado",Suavizante concentrado azul vital Mimosin 78 lavados.,Ver productos de la promocion,"Anadir
",https://www.carrefour.es/supermercado/limpieza-y-hogar/cat20005/c?offset=768
639,"
11,89 €","11,69 €","0,25 €/lavado
 | 
0,24 €/lavado",Detergente en capsulas original Todo en Uno Pods Ariel 48 lavados.,Ver productos de la promocion,"Anadir
",https://www.carrefour.es/supermercado/limpieza-y-hogar/cat20005/c?offset=768
640,"
5,29 €","4,80 €","0,11 €/m
 | 
0,10 €/m",Papel de aluminio Albal 50 metros.,Ver productos de la promocion,"Anadir
",https://www.carrefour.es/supermercado/limpieza-y-hogar/cat20005/c?offset=768
641,"
2,69 €","2,55 €","1,79 €/l
 | 
1,70 €/l","Limpiador de bano Don Limpio 1,5 l.",Ver productos de la promocion,"Anadir
",https://www.carrefour.es/supermercado/limpieza-y-hogar/cat20005/c?offset=792
642,"
3,79 €","3,55 €","0,05 €/lavado
 | 
0,05 €/lavado",Suavizante concentrado azul vital Mimosin 78 lavados.,Ver productos de la promocion,"Anadir
",https://www.carrefour.es/supermercado/limpieza-y-hogar/cat20005/c?offset=792
643,"
11,89 €","11,69 €","0,25 €/lavado
 | 
0,24 €/lavado",Detergente en capsulas original Todo en Uno Pods Ariel 48 lavados.,Ver productos de la promocion,"Anadir
",https://www.carrefour.es/supermercado/limpieza-y-hogar/cat20005/c?offset=792
644,"
5,29 €","4,80 €","0,11 €/m
 | 
0,10 €/m",Papel de aluminio Albal 50 metros.,Ver productos de la promocion,"Anadir
",https://www.carrefour.es/supermercado/limpieza-y-hogar/cat20005/c?offset=792
645,"
2,69 €","2,55 €","1,79 €/l
 | 
1,70 €/l","Limpiador de bano Don Limpio 1,5 l.",Ver productos de la promocion,"Anadir
",https://www.carrefour.es/supermercado/limpieza-y-hogar/cat20005/c?offset=816
646,"
3,79 €","3,55 €","0,05 €/lavado
 | 
0,05 €/lavado",Suavizante concentrado azul vital Mimosin 78 lavados.,Ver productos de la promocion,"Anadir
",https://www.carrefour.es/supermercado/limpieza-y-hogar/cat20005/c?offset=816
647,"
11,89 €","11,69 €","0,25 €/lavado
 | 
0,24 €/lavado",Detergente en capsulas original Todo en Uno Pods Ariel 48 lavados.,Ver productos de la promocion,"Anadir
",https://www.carrefour.es/supermercado/limpieza-y-hogar/cat20005/c?offset=816
648,"
5,29 €","4,80 €","0,11 €/m
 | 
0,10 €/m",Papel de aluminio Albal 50 metros.,Ver productos de la promocion,"Anadir
",https://www.carrefour.es/supermercado/limpieza-y-hogar/cat20005/c?offset=816
649,"
2,69 €","2,55 €","1,79 €/l
 | 
1,70 €/l","Limpiador de bano Don Limpio 1,5 l.",Ver productos de la promocion,"Anadir
",https://www.carrefour.es/supermercado/limpieza-y-hogar/cat20005/c?offset=840
650,"
3,79 €","3,55 €","0,05 €/lavado
 | 
0,05 €/lavado",Suavizante concentrado azul vital Mimosin 78 lavados.,Ver productos de la promocion,"Anadir
",https://www.carrefour.es/supermercado/limpieza-y-hogar/cat20005/c?offset=840
651,"
11,89 €","11,69 €","0,25 €/lavado
 | 
0,24 €/lavado",Detergente en capsulas original Todo en Uno Pods Ariel 48 lavados.,Ver productos de la promocion,"Anadir
",https://www.carrefour.es/supermercado/limpieza-y-hogar/cat20005/c?offset=840
652,"
5,29 €","4,80 €","0,11 €/m
 | 
0,10 €/m",Papel de aluminio Albal 50 metros.,Ver productos de la promocion,"Anadir
",https://www.carrefour.es/supermercado/limpieza-y-hogar/cat20005/c?offset=840
653,"
2,69 €","2,55 €","1,79 €/l
 | 
1,70 €/l","Limpiador de bano Don Limpio 1,5 l.",Ver productos de la promocion,"Anadir
",https://www.carrefour.es/supermercado/limpieza-y-hogar/cat20005/c?offset=864
654,"
3,79 €","3,55 €","0,05 €/lavado
 | 
0,05 €/lavado",Suavizante concentrado azul vital Mimosin 78 lavados.,Ver productos de la promocion,"Anadir
",https://www.carrefour.es/supermercado/limpieza-y-hogar/cat20005/c?offset=864
655,"
11,89 €","11,69 €","0,25 €/lavado
 | 
0,24 €/lavado",Detergente en capsulas original Todo en Uno Pods Ariel 48 lavados.,Ver productos de la promocion,"Anadir
",https://www.carrefour.es/supermercado/limpieza-y-hogar/cat20005/c?offset=864
656,"
5,29 €","4,80 €","0,11 €/m
 | 
0,10 €/m",Papel de aluminio Albal 50 metros.,Ver productos de la promocion,"Anadir
",https://www.carrefour.es/supermercado/limpieza-y-hogar/cat20005/c?offset=864
657,"
2,69 €","2,55 €","1,79 €/l
 | 
1,70 €/l","Limpiador de bano Don Limpio 1,5 l.",Ver productos de la promocion,"Anadir
",https://www.carrefour.es/supermercado/limpieza-y-hogar/cat20005/c?offset=888
658,"
3,79 €","3,55 €","0,05 €/lavado
 | 
0,05 €/lavado",Suavizante concentrado azul vital Mimosin 78 lavados.,Ver productos de la promocion,"Anadir
",https://www.carrefour.es/supermercado/limpieza-y-hogar/cat20005/c?offset=888
659,"
11,89 €","11,69 €","0,25 €/lavado
 | 
0,24 €/lavado",Detergente en capsulas original Todo en Uno Pods Ariel 48 lavados.,Ver productos de la promocion,"Anadir
",https://www.carrefour.es/supermercado/limpieza-y-hogar/cat20005/c?offset=888
660,"
5,29 €","4,80 €","0,11 €/m
 | 
0,10 €/m",Papel de aluminio Albal 50 metros.,Ver productos de la promocion,"Anadir
",https://www.carrefour.es/supermercado/limpieza-y-hogar/cat20005/c?offset=888
661,"
2,69 €","2,55 €","1,79 €/l
 | 
1,70 €/l","Limpiador de bano Don Limpio 1,5 l.",Ver productos de la promocion,"Anadir
",https://www.carrefour.es/supermercado/limpieza-y-hogar/cat20005/c?offset=912
662,"
3,79 €","3,55 €","0,05 €/lavado
 | 
0,05 €/lavado",Suavizante concentrado azul vital Mimosin 78 lavados.,Ver productos de la promocion,"Anadir
",https://www.carrefour.es/supermercado/limpieza-y-hogar/cat20005/c?offset=912
663,"
11,89 €","11,69 €","0,25 €/lavado
 | 
0,24 €/lavado",Detergente en capsulas original Todo en Uno Pods Ariel 48 lavados.,Ver productos de la promocion,"Anadir
",https://www.carrefour.es/supermercado/limpieza-y-hogar/cat20005/c?offset=912
664,"
5,29 €","4,80 €","0,11 €/m
 | 
0,10 €/m",Papel de aluminio Albal 50 metros.,Ver productos de la promocion,"Anadir
",https://www.carrefour.es/supermercado/limpieza-y-hogar/cat20005/c?offset=912
665,"
2,69 €","2,55 €","1,79 €/l
 | 
1,70 €/l","Limpiador de bano Don Limpio 1,5 l.",Ver productos de la promocion,"Anadir
",https://www.carrefour.es/supermercado/limpieza-y-hogar/cat20005/c?offset=936
666,"
3,79 €","3,55 €","0,05 €/lavado
 | 
0,05 €/lavado",Suavizante concentrado azul vital Mimosin 78 lavados.,Ver productos de la promocion,"Anadir
",https://www.carrefour.es/supermercado/limpieza-y-hogar/cat20005/c?offset=936
667,"
11,89 €","11,69 €","0,25 €/lavado
 | 
0,24 €/lavado",Detergente en capsulas original Todo en Uno Pods Ariel 48 lavados.,Ver productos de la promocion,"Anadir
",https://www.carrefour.es/supermercado/limpieza-y-hogar/cat20005/c?offset=936
668,"
5,29 €","4,80 €","0,11 €/m
 | 
0,10 €/m",Papel de aluminio Albal 50 metros.,Ver productos de la promocion,"Anadir
",https://www.carrefour.es/supermercado/limpieza-y-hogar/cat20005/c?offset=936
669,"
2,69 €","2,55 €","1,79 €/l
 | 
1,70 €/l","Limpiador de bano Don Limpio 1,5 l.",Ver productos de la promocion,"Anadir
",https://www.carrefour.es/supermercado/limpieza-y-hogar/cat20005/c?offset=960
670,"
3,79 €","3,55 €","0,05 €/lavado
 | 
0,05 €/lavado",Suavizante concentrado azul vital Mimosin 78 lavados.,Ver productos de la promocion,"Anadir
",https://www.carrefour.es/supermercado/limpieza-y-hogar/cat20005/c?offset=960
671,"
11,89 €","11,69 €","0,25 €/lavado
 | 
0,24 €/lavado",Detergente en capsulas original Todo en Uno Pods Ariel 48 lavados.,Ver productos de la promocion,"Anadir
",https://www.carrefour.es/supermercado/limpieza-y-hogar/cat20005/c?offset=960
672,"
5,29 €","4,80 €","0,11 €/m
 | 
0,10 €/m",Papel de aluminio Albal 50 metros.,Ver productos de la promocion,"Anadir
",https://www.carrefour.es/supermercado/limpieza-y-hogar/cat20005/c?offset=960
673,"
2,69 €","2,55 €","1,79 €/l
 | 
1,70 €/l","Limpiador de bano Don Limpio 1,5 l.",Ver productos de la promocion,"Anadir
",https://www.carrefour.es/supermercado/limpieza-y-hogar/cat20005/c?offset=984
674,"
3,79 €","3,55 €","0,05 €/lavado
 | 
0,05 €/lavado",Suavizante concentrado azul vital Mimosin 78 lavados.,Ver productos de la promocion,"Anadir
",https://www.carrefour.es/supermercado/limpieza-y-hogar/cat20005/c?offset=984
675,"
11,89 €","11,69 €","0,25 €/lavado
 | 
0,24 €/lavado",Detergente en capsulas original Todo en Uno Pods Ariel 48 lavados.,Ver productos de la promocion,"Anadir
",https://www.carrefour.es/supermercado/limpieza-y-hogar/cat20005/c?offset=984
676,"
5,29 €","4,80 €","0,11 €/m
 | 
0,10 €/m",Papel de aluminio Albal 50 metros.,Ver productos de la promocion,"Anadir
",https://www.carrefour.es/supermercado/limpieza-y-hogar/cat20005/c?offset=984
677,"
1,99 €","4,97 €/kg",Preparado de multifrutas sin azucar anadido desde 12 meses ecologico My Carrefour Baby Bio sin gluten pack de 4 bolsitas de 100 g.,Bio,Sin gluten,"Anadir
",https://www.carrefour.es/supermercado/bebe/cat20006/c?offset=24
678,"
1,99 €","4,97 €/kg",Preparado de manzana y platano sin azucar anadido desde 6 meses ecologico My Carrefour Baby Bio sin gluten pack de 4 de bolsitas de 100 g.,Bio,Sin gluten,"Anadir
",https://www.carrefour.es/supermercado/bebe/cat20006/c?offset=24
679,"
1,99 €","4,97 €/kg",Tarrito de verduritas con ternera desde 6 meses ecologico Carrefour Baby Bio pack de 2 unidades de 200 g,Bio,Sin gluten,"Anadir
",https://www.carrefour.es/supermercado/bebe/cat20006/c?offset=24
680,"
4,29 €","10,72 €/kg",Papilla Multicereales HiPP +4 Meses sin lactosa 400gr,Bio,Sin lactosa,"Anadir
",https://www.carrefour.es/supermercado/bebe/cat20006/c?offset=24
681,"
1,99 €","4,97 €/kg",Tarrito de garbanzos con verduritas desde 8 meses ecologico Carrefour Baby Bio pack de 2 unidades de 200 g,Bio,Sin gluten,"Anadir
",https://www.carrefour.es/supermercado/bebe/cat20006/c?offset=24
682,"
1,93 €","1,85 €","55,14 €/kg
 | 
52,86 €/kg",Snack de cereales con frambuesa ecologico Nutripuffs Naturnes Bio Nestle 35 g.,Ver productos de la promocion,"Anadir
",https://www.carrefour.es/supermercado/bebe/cat20006/c?offset=24
683,"
2,25 €","9,78 €/kg","Tarrito de brocoli, cordero y chirivia ecologico Smileat sin gluten 230 g.",Bio,Sin gluten,"Anadir
",https://www.carrefour.es/supermercado/bebe/cat20006/c?offset=48
684,"
1,93 €","55,14 €/kg",Snacks de platano Naturnes Bio 35 g.,Bio,Ver productos de la promocion,"Anadir
",https://www.carrefour.es/supermercado/bebe/cat20006/c?offset=48
685,"
1,99 €","4,97 €/kg",Tarrito de lentejas con verduritas desde 8 meses ecologico Carrefour Baby Bio pack de 2 unidades de 200 g,Bio,Sin gluten,"Anadir
",https://www.carrefour.es/supermercado/bebe/cat20006/c?offset=48
686,"
1,99 €","4,97 €/kg",Tarrito de arroz con pollo y verduritas desde 6 meses ecologico Carrefour Baby Bio pack de 2 unidades de 200 g,Bio,Sin gluten,"Anadir
",https://www.carrefour.es/supermercado/bebe/cat20006/c?offset=48
687,"
1,99 €","4,97 €/kg",Tarrito de frutas con copos de avena Ecologico Carrefour Baby Bio desde 6 meses pack de 2 unidades de 200 g.,Bio,Sin gluten,"Anadir
",https://www.carrefour.es/supermercado/bebe/cat20006/c?offset=48
688,"
1,67 €","4,17 €/kg",Tarrito de frutas con cereales desde 4 meses sin azucar anadido Mi Menu sin gluten sin lactosa pack de 2 unidades de 200 g.,Sin gluten,Sin lactosa,"Anadir
",https://www.carrefour.es/supermercado/bebe/cat20006/c?offset=48
689,"
1,99 €","4,97 €/kg",Tarrito de guisantes con jamon desde 6 meses ecologico Carrefour Baby Bio pack de 2 unidades de 200 g,Bio,Sin gluten,"Anadir
",https://www.carrefour.es/supermercado/bebe/cat20006/c?offset=48
690,"
1,93 €","1,85 €","55,14 €/kg
 | 
52,86 €/kg",Snack de cereales con frambuesa ecologico Nutripuffs Naturnes Bio Nestle 35 g.,Ver productos de la promocion,"Anadir
",https://www.carrefour.es/supermercado/bebe/cat20006/c?offset=48
691,"
2,45 €","6,12 €/kg",Tarrito de verduritas con dorada desde 8 meses ecologico Carrefour Baby Bio sin gluten pack de 2 unidades de 200 g.,Bio,Sin gluten,"Anadir
",https://www.carrefour.es/supermercado/bebe/cat20006/c?offset=72
692,"
2,39 €","5,97 €/kg",Preparado de 7 frutas desde 6 meses Nestle sin gluten sin lactosa pack de 4 unidades de 100 g.,Sin gluten,Sin lactosa,"Anadir
",https://www.carrefour.es/supermercado/bebe/cat20006/c?offset=72
693,"
1,99 €","4,97 €/kg",Preparado de manzana sin azucar anadido desde 6 meses ecologico My Carrefour Baby sin gluten pack de 4 bolsitas de 100 g.,Bio,Sin gluten,"Anadir
",https://www.carrefour.es/supermercado/bebe/cat20006/c?offset=72
694,"
1,99 €","4,97 €/kg",Tarrito de verduritas con pollo desde 6 meses ecologico Carrefour Baby Bio pack de 2 unidades de 200 g,Bio,Sin gluten,"Anadir
",https://www.carrefour.es/supermercado/bebe/cat20006/c?offset=72
695,"
0,99 €",9 €/kg,Preparado de frutas variadas Nestle sin gluten sin lactosa bolsita de 110 g.,Sin gluten,Sin lactosa,"Anadir
",https://www.carrefour.es/supermercado/bebe/cat20006/c?offset=72
696,"
1,93 €","55,14 €/kg",Snack de cereales con zanahoria ecologico Nutripuffs Naturnes Bio Nestle 35 g.,Bio,Ver productos de la promocion,"Anadir
",https://www.carrefour.es/supermercado/bebe/cat20006/c?offset=72
697,"
1,99 €","4,97 €/kg",Tarrito multifrutas Ecologica Carrefour Baby Bio desde 6 meses pack de 2 unidades de 200 g.,Bio,Sin gluten,"Anadir
",https://www.carrefour.es/supermercado/bebe/cat20006/c?offset=72
698,"
1,93 €","1,85 €","55,14 €/kg
 | 
52,86 €/kg",Snack de cereales con frambuesa ecologico Nutripuffs Naturnes Bio Nestle 35 g.,Ver productos de la promocion,"Anadir
",https://www.carrefour.es/supermercado/bebe/cat20006/c?offset=72
699,"
1,99 €","9,05 €/kg","Papilla infantil desde 4 meses de crema de arroz sin azucar anadido Hero Baby sin gluten, sin lactosa y sin aceite de palma 220 g.",Sin gluten,Sin lactosa,"Anadir
",https://www.carrefour.es/supermercado/bebe/cat20006/c?offset=96
700,"
1,99 €","4,97 €/kg",Tarrito de Melocoton con Platano y Pera Ecologico Carrefour Baby Bio desde 6 meses pack de 2 unidades de 200 g.,Bio,Sin gluten,"Anadir
",https://www.carrefour.es/supermercado/bebe/cat20006/c?offset=96
701,"
0,99 €",9 €/kg,Preparado de platano y fresa Nestle sin gluten sin lactosa bolsita 110 g.,Sin gluten,Sin lactosa,"Anadir
",https://www.carrefour.es/supermercado/bebe/cat20006/c?offset=96
702,"
1,99 €","4,97 €/kg",Tarrito de manzana y platano Ecologico Carrefour Baby Bio desde 6 meses pack de 2 unidades de 200 g.,Bio,Sin gluten,"Anadir
",https://www.carrefour.es/supermercado/bebe/cat20006/c?offset=96
703,"
1,93 €","1,85 €","55,14 €/kg
 | 
52,86 €/kg",Snack de cereales con frambuesa ecologico Nutripuffs Naturnes Bio Nestle 35 g.,Ver productos de la promocion,"Anadir
",https://www.carrefour.es/supermercado/bebe/cat20006/c?offset=96
704,"
0,99 €",9 €/kg,Preparado de tutti frutti Nestle bolsita sin gluten sin lactosa 110 g.,Sin gluten,Sin lactosa,"Anadir
",https://www.carrefour.es/supermercado/bebe/cat20006/c?offset=120
705,"
2,79 €","7,75 €/kg","Preparado de manzana, mango y kiwi desde 6 meses ecologico Naturnes Bio sin gluten pack de 4 unidades de 90 g.",Bio,Sin gluten,"Anadir
",https://www.carrefour.es/supermercado/bebe/cat20006/c?offset=120
706,"
6,79 €","8,93 €/kg",Tarrito de jardinera de ternera desde 6 meses ecologico Hero baby sin gluten pack de 4 unidades de 190 g.,Bio,Sin gluten,"Anadir
",https://www.carrefour.es/supermercado/bebe/cat20006/c?offset=120
707,"
1,99 €","4,97 €/kg",Tarrito de verduritas variadas desde 4 meses ecologico Carrefour Baby Bio pack de 2 unidades de 200 g,Bio,Sin gluten,"Anadir
",https://www.carrefour.es/supermercado/bebe/cat20006/c?offset=120
708,"
1,93 €","1,85 €","55,14 €/kg
 | 
52,86 €/kg",Snack de cereales con frambuesa ecologico Nutripuffs Naturnes Bio Nestle 35 g.,Ver productos de la promocion,"Anadir
",https://www.carrefour.es/supermercado/bebe/cat20006/c?offset=120
709,"
6,79 €","8,93 €/kg",Tarrito de verduras de la huerta con pollo y arroz desde 6 meses ecologico Hero baby sin gluten pack de 4 unidades de 190 g.,Bio,Sin gluten,"Anadir
",https://www.carrefour.es/supermercado/bebe/cat20006/c?offset=144
710,"
2,99 €","7,48 €/kg",Papilla infantil con cereales desde 4 meses ecologico Carrefour Baby Bio sin gluten 400 g.,Bio,Sin gluten,"Anadir
",https://www.carrefour.es/supermercado/bebe/cat20006/c?offset=144
711,"
7,19 €","9,99 €/kg","Tarrito de pera, platano y zanahoria desde 4 meses ecologico Hero Baby sin gluten pack de 6 unidades de 120 g.",Bio,Sin gluten,"Anadir
",https://www.carrefour.es/supermercado/bebe/cat20006/c?offset=144
712,"
1,69 €","8,89 €/kg",Tarrito de pera y platano desde 4 meses ecologico Hero Solo sin gluten 190 g.,Bio,Sin gluten,"Anadir
",https://www.carrefour.es/supermercado/bebe/cat20006/c?offset=144
713,"
7,19 €","9,99 €/kg",Tarrito de pera y manzana desde 4 meses ecologico Hero Baby sin gluten pack de 6 unidades de 120 g.,Bio,Sin gluten,"Anadir
",https://www.carrefour.es/supermercado/bebe/cat20006/c?offset=144
714,"
1,93 €","1,85 €","55,14 €/kg
 | 
52,86 €/kg",Snack de cereales con frambuesa ecologico Nutripuffs Naturnes Bio Nestle 35 g.,Ver productos de la promocion,"Anadir
",https://www.carrefour.es/supermercado/bebe/cat20006/c?offset=144
715,"
1,93 €","1,85 €","55,14 €/kg
 | 
52,86 €/kg",Snack de cereales con frambuesa ecologico Nutripuffs Naturnes Bio Nestle 35 g.,Ver productos de la promocion,"Anadir
",https://www.carrefour.es/supermercado/bebe/cat20006/c?offset=168
716,"
4,05 €","20,25 €/kg",Papilla infantil desde 6 meses multicereales ecologico Almiron sin aceite de palma 200 g.,Bio,Sin lactosa,"Anadir
",https://www.carrefour.es/supermercado/bebe/cat20006/c?offset=192
717,"
1,93 €","1,85 €","55,14 €/kg
 | 
52,86 €/kg",Snack de cereales con frambuesa ecologico Nutripuffs Naturnes Bio Nestle 35 g.,Ver productos de la promocion,"Anadir
",https://www.carrefour.es/supermercado/bebe/cat20006/c?offset=192
718,"
2,69 €","2,60 €","9,96 €/kg
 | 
9,63 €/kg",Papilla infantil desde 6 meses multicereales y quinoa Nestle Seleccion de la Naturaleza 270 g.,Ver productos de la promocion,"Anadir
",https://www.carrefour.es/supermercado/bebe/cat20006/c?offset=216
719,"
1,23 €","10,25 €/kg","Tarrito de manzana, melocoton pera y yogur desde 6 meses ecologico Hero Solo sin gluten 120 g.",Bio,Sin gluten,"Anadir
",https://www.carrefour.es/supermercado/bebe/cat20006/c?offset=216
720,"
1,93 €","1,85 €","55,14 €/kg
 | 
52,86 €/kg",Snack de cereales con frambuesa ecologico Nutripuffs Naturnes Bio Nestle 35 g.,Ver productos de la promocion,"Anadir
",https://www.carrefour.es/supermercado/bebe/cat20006/c?offset=216
721,"
2,69 €","2,60 €","9,96 €/kg
 | 
9,63 €/kg",Papilla infantil desde 6 meses multicereales platano Nestle Seleccion de la Naturaleza 270 g. ,Ver productos de la promocion,"Anadir
",https://www.carrefour.es/supermercado/bebe/cat20006/c?offset=240
722,"
1,93 €","1,85 €","55,14 €/kg
 | 
52,86 €/kg",Snack de cereales con frambuesa ecologico Nutripuffs Naturnes Bio Nestle 35 g.,Ver productos de la promocion,"Anadir
",https://www.carrefour.es/supermercado/bebe/cat20006/c?offset=240
723,"
1,93 €","1,85 €","55,14 €/kg
 | 
52,86 €/kg",Snack de cereales con frambuesa ecologico Nutripuffs Naturnes Bio Nestle 35 g.,Ver productos de la promocion,"Anadir
",https://www.carrefour.es/supermercado/bebe/cat20006/c?offset=264
724,"
1,93 €","1,85 €","55,14 €/kg
 | 
52,86 €/kg",Snack de cereales con frambuesa ecologico Nutripuffs Naturnes Bio Nestle 35 g.,Ver productos de la promocion,"Anadir
",https://www.carrefour.es/supermercado/bebe/cat20006/c?offset=288
725,"
1,93 €","1,85 €","55,14 €/kg
 | 
52,86 €/kg",Snack de cereales con frambuesa ecologico Nutripuffs Naturnes Bio Nestle 35 g.,Ver productos de la promocion,"Anadir
",https://www.carrefour.es/supermercado/bebe/cat20006/c?offset=312
726,"
1,99 €","8,65 €/kg",Tarrito Pavo Con Verduras Ecologica Smileat 230 grs,Bio,Sin gluten,"Anadir
",https://www.carrefour.es/supermercado/bebe/cat20006/c?offset=336
727,"
1,99 €","8,65 €/kg",Tarrito Ternera Con Verduras Ecologica Smileat 230 grs,Bio,Sin gluten,"Anadir
",https://www.carrefour.es/supermercado/bebe/cat20006/c?offset=336
728,"
5,69 €","5,50 €","4,74 €/kg
 | 
4,58 €/kg",Tarritos Buenas Noches Verdura con Pescadilla a la Crema Hero Baby 6x190 grs,Ver productos de la promocion,"Anadir
",https://www.carrefour.es/supermercado/bebe/cat20006/c?offset=336
729,"
5,69 €","5,50 €","4,74 €/kg
 | 
4,58 €/kg",Tarritos Buenas Noches Guisantes con Jamon Hero Baby 6x190 grs,Ver productos de la promocion,"Anadir
",https://www.carrefour.es/supermercado/bebe/cat20006/c?offset=336
730,"
0,99 €",11 €/kg,"NATURNES BIO BOLSITAS Platano, manzana y pera 90 g",Bio,Sin gluten,"Anadir
",https://www.carrefour.es/supermercado/bebe/cat20006/c?offset=336
731,"
1,99 €","8,65 €/kg",Tarrito Pollo Con Arroz Ecologica Smileat 230 grs,Bio,Sin gluten,"Anadir
",https://www.carrefour.es/supermercado/bebe/cat20006/c?offset=336
732,"
1,89 €","8,22 €/kg",Tarrito Calabaza y Calabacin Ecologica Smileat 230 grs,Bio,Sin gluten,"Anadir
",https://www.carrefour.es/supermercado/bebe/cat20006/c?offset=336
733,"
1,93 €","1,85 €","55,14 €/kg
 | 
52,86 €/kg",Snack de cereales con frambuesa ecologico Nutripuffs Naturnes Bio Nestle 35 g.,Ver productos de la promocion,"Anadir
",https://www.carrefour.es/supermercado/bebe/cat20006/c?offset=336
734,"
25,30 €","24,20 €","0,53 €/ud
 | 
0,50 €/ud",Panales Dodot Sensitive Talla 5+ (12-17 kg.) 48 ud.,Ver productos de la promocion,"Anadir
",https://www.carrefour.es/supermercado/bebe/cat20006/c?offset=360
735,"
1,93 €","1,85 €","55,14 €/kg
 | 
52,86 €/kg",Snack de cereales con frambuesa ecologico Nutripuffs Naturnes Bio Nestle 35 g.,Ver productos de la promocion,"Anadir
",https://www.carrefour.es/supermercado/bebe/cat20006/c?offset=360
736,"
1,62 €","32,40 €/kg",Snacks de guisantes y maiz desde 10 meses ecologico Hero Solo sin gluten 50 g.,Bio,Sin gluten,"Anadir
",https://www.carrefour.es/supermercado/bebe/cat20006/c?offset=384
737,"
10,45 €","9,85 €","13,06 €/kg
 | 
12,31 €/kg",Leche infantil de crecimiento desde 12 meses en polvo Nutrasense Premium 3 Hero Baby sin aceite de palma lata 800 g.,Ver productos de la promocion,"Anadir
",https://www.carrefour.es/supermercado/bebe/cat20006/c?offset=384
738,"
20 €","19,99 €","0,23 €/ud
 | 
0,23 €/ud",Panales Dodot Sensitive T2 (4-8 Kg) 88 ud.,Ver productos de la promocion,"Anadir
",https://www.carrefour.es/supermercado/bebe/cat20006/c?offset=384
739,"
1,99 €","8,65 €/kg",Tarrito de verdura con merluza desde 8 meses ecologica Smileat sin gluten 230 g.,Bio,Sin gluten,"Anadir
",https://www.carrefour.es/supermercado/bebe/cat20006/c?offset=384
740,"
1,93 €","1,85 €","55,14 €/kg
 | 
52,86 €/kg",Snack de cereales con frambuesa ecologico Nutripuffs Naturnes Bio Nestle 35 g.,Ver productos de la promocion,"Anadir
",https://www.carrefour.es/supermercado/bebe/cat20006/c?offset=384
741,"
5,35 €","6,52 €/kg",Papilla infantil desde 6 meses 8 Cereales con galleta sin azucar anadido Hero Baby sin lactosa y sin aceite de palma 820 gr,Sin lactosa,Ver productos de la promocion,"Anadir
",https://www.carrefour.es/supermercado/bebe/cat20006/c?offset=408
742,"
5,35 €","6,52 €/kg",Papilla infantil desde 6 meses 8 Cereales sin azucar anadido Hero Baby sin lactosa y sin aceite de palma 820 gr,Sin lactosa,Ver productos de la promocion,"Anadir
",https://www.carrefour.es/supermercado/bebe/cat20006/c?offset=408
743,"
5,35 €","6,52 €/kg",Papilla infantil desde 6 meses 8 cereales con miel sin azucar anadido Hero Baby sin lactosa y sin aceite de palma 820 g.,Sin lactosa,Ver productos de la promocion,"Anadir
",https://www.carrefour.es/supermercado/bebe/cat20006/c?offset=408
744,"
1,18 €","9,83 €/kg","Tarrito de manzana, platano y yogur desde 6 meses ecologico Hero Solo sin gluten 120 g.",Bio,Sin gluten,"Anadir
",https://www.carrefour.es/supermercado/bebe/cat20006/c?offset=408
745,"
10,45 €","9,85 €","13,06 €/kg
 | 
12,31 €/kg",Leche infantil de continuacion desde 6 meses en polvo Nutrasense Premium 2 Hero Baby sin aceite de palma lata 800 g.,Ver productos de la promocion,"Anadir
",https://www.carrefour.es/supermercado/bebe/cat20006/c?offset=408
746,"
5,69 €","5,50 €","4,99 €/kg
 | 
4,82 €/kg","Tarrito de platano, naranja, manzana y galleta desde 6 meses Hero Baby Merienda sin aceite de palma pack de 6 unidades de 190 g.",Ver productos de la promocion,"Anadir
",https://www.carrefour.es/supermercado/bebe/cat20006/c?offset=408
747,"
1,18 €","9,83 €/kg","Tarrito de pera, platano y zanahoria desde 4 meses ecologico Hero Solo sin gluten 120 g.",Bio,Sin gluten,"Anadir
",https://www.carrefour.es/supermercado/bebe/cat20006/c?offset=408
748,"
1,18 €","9,83 €/kg",Tarrito de pera y manzana desde 4 meses ecologico Hero Solo sin gluten 120 g.,Bio,Sin gluten,"Anadir
",https://www.carrefour.es/supermercado/bebe/cat20006/c?offset=408
749,"
1,18 €","9,83 €/kg",Tarrito de platano desde 4 meses ecologico Hero Solo sin gluten 120 g.,Bio,Sin gluten,"Anadir
",https://www.carrefour.es/supermercado/bebe/cat20006/c?offset=408
750,"
1,93 €","1,85 €","55,14 €/kg
 | 
52,86 €/kg",Snack de cereales con frambuesa ecologico Nutripuffs Naturnes Bio Nestle 35 g.,Ver productos de la promocion,"Anadir
",https://www.carrefour.es/supermercado/bebe/cat20006/c?offset=408
751,"
7,15 €","6,80 €","7,01 €/kg
 | 
6,67 €/kg",Comida humeda surtido de carne en salsa para gato adulto Purina Gourmet Gold 12x85 g,Ver productos de la promocion,"Anadir
",https://www.carrefour.es/supermercado/mascotas/cat20007/c?offset=216
752,"
7,15 €","6,80 €","7,01 €/kg
 | 
6,67 €/kg",Comida humeda surtido de carnes para gato adulto Purina Gourmet Gold Doble Placer 12x85 g,Ver productos de la promocion,"Anadir
",https://www.carrefour.es/supermercado/mascotas/cat20007/c?offset=216
753,"
7,15 €","6,80 €","0,60 €/ud
 | 
0,57 €/ud","Comida humeda de pollo,buey, atun y salmon para gato adulto Purina Gourmet Gold Fondant 12x85 g.",Ver productos de la promocion,"Anadir
",https://www.carrefour.es/supermercado/mascotas/cat20007/c?offset=240
754,"
3,15 €","2,69 €","9,26 €/kg
 | 
7,91 €/kg",Ultima Nature Gato Wet Multipack Buey y Pavo 4 x 85 grs,Ver productos de la promocion,"Anadir
",https://www.carrefour.es/supermercado/mascotas/cat20007/c?offset=288
755,"
3,15 €","2,69 €","9,26 €/kg
 | 
7,91 €/kg",Ultima Nature Gato Wet Multipack Pouch Pollo y Aves 4 x 85 grs,Ver productos de la promocion,"Anadir
",https://www.carrefour.es/supermercado/mascotas/cat20007/c?offset=288
756,"
3,15 €","2,69 €","9,26 €/kg
 | 
7,91 €/kg",Ultima Nature Gato Wet Multipack Atun y Pescado Blanco 4x85 grs,Ver productos de la promocion,"Anadir
",https://www.carrefour.es/supermercado/mascotas/cat20007/c?offset=288
757,"
3,15 €","2,69 €","9,26 €/kg
 | 
7,91 €/kg",Ultima Nature Gato Wet Multipack Puoch Salmon y Trucha 4x85 grs,Ver productos de la promocion,"Anadir
",https://www.carrefour.es/supermercado/mascotas/cat20007/c?offset=288
758,"
28,70 €","27,25 €","3,83 €/kg
 | 
3,63 €/kg","Pienso de pollo y arroz para perro cachorros Medium Ultima 7,5 Kg.",Ver productos de la promocion,"Anadir
",https://www.carrefour.es/supermercado/mascotas/cat20007/c?offset=360
759,"
8,79 €","7,95 €","2,93 €/kg
 | 
2,65 €/kg",Pienso para gato esterilizado Brekkies3 kg.,Ver productos de la promocion,"Anadir
",https://www.carrefour.es/supermercado/mascotas/cat20007/c?offset=384
760,"
2,75 €","2,69 €","8,09 €/kg
 | 
7,91 €/kg",Comida humeda seleccion de carnes para gatos esterilizados adultos Ultima Cat Wet&Delicious85x4 g.,Ver productos de la promocion,"Anadir
",https://www.carrefour.es/supermercado/mascotas/cat20007/c?offset=480
761,"
2,75 €","2,69 €","8,09 €/kg
 | 
7,91 €/kg",Comida humeda seleccion de pescados para gatos esterilizados adultos Ultima Cat Wet&Delicious 85x4 g.,Ver productos de la promocion,"Anadir
",https://www.carrefour.es/supermercado/mascotas/cat20007/c?offset=480
762,"
2,75 €","2,69 €","8,09 €/kg
 | 
7,91 €/kg",Comida humeda para gato esterilizado Ultima Cat&Delicious85x4 g.,Ver productos de la promocion,"Anadir
",https://www.carrefour.es/supermercado/mascotas/cat20007/c?offset=480
763,"
2,09 €","2,49 €/100g",Vitamina C + Zinc sabor limon en comprimidos efervescentes Optiform sin gluten sin lactosa 20 ud.,Sin gluten,Sin lactosa,"Anadir
",https://www.carrefour.es/supermercado/parafarmacia/cat20008/c?offset=72
764,"
2,09 €","2,32 €/100g",Multi vitaminas sabor naranja en comprimidos efervescentes Optiform sin gluten sin lactosa 20 ud.,Sin gluten,Sin lactosa,"Anadir
",https://www.carrefour.es/supermercado/parafarmacia/cat20008/c?offset=96
765,"
2,09 €","2,61 €/100g",Magnesio + Vitamina B6 sabor limon en comprimidos efervescentes Optiform sin gluten sin lactosa 20 ud.,Sin gluten,Sin lactosa,"Anadir
",https://www.carrefour.es/supermercado/parafarmacia/cat20008/c?offset=120
766,"
9,69 €","9,23 €/100g",Melatonina en gominolas ZzzQuil Natura Viks sin gluten y sin lactosa 30 ud.,Sin gluten,Sin lactosa,"Anadir
",https://www.carrefour.es/supermercado/parafarmacia/cat20008/c?offset=192
767,"
12,95 €","18,50 €/100g",Triptofano con magnesio + vitamina B6 comprimidos Ana Maria Lajusticia sin gluten sin lactosa 60 ud.,Sin gluten,Sin lactosa,"Anadir
",https://www.carrefour.es/supermercado/parafarmacia/cat20008/c?offset=216
768,"
13,75 €","26,96 €/100g","Triptofano con melatonina, magnesio y vitamina B6 Ana Maria Lajusticia 60 comprimidos",Sin gluten,Sin lactosa,"Anadir
",https://www.carrefour.es/supermercado/parafarmacia/cat20008/c?offset=288
769,"
12,99 €","6,49 €/100g",Vitamina C triple accion para tus defensas sabor naranja Leotron sin gluten sin lactosa 36 ud.,Sin gluten,Sin lactosa,"Anadir
",https://www.carrefour.es/supermercado/parafarmacia/cat20008/c?offset=336
770,"
14,89 €","4,25 €/100g",Colageno con magnesio y vitamina C sabor fresa Ana Maria Lajusticia 350 gr,Sin gluten,Sin lactosa,"Anadir
",https://www.carrefour.es/supermercado/parafarmacia/cat20008/c?offset=360
771,"
13,19 €","66,62 €/100g",Complemento alimenticio con triptofano Triptomax sin gluten y sin lactosa 30 comprimidos.,Sin gluten,Sin lactosa,"Anadir
",https://www.carrefour.es/supermercado/parafarmacia/cat20008/c?offset=432
772,"
7,25 €","8,33 €/100g",Vitaserum defensas forte sabor limon Apiserum sin gluten sin lactosa 15 ud.,Sin gluten,Sin lactosa,"Anadir
",https://www.carrefour.es/supermercado/parafarmacia/cat20008/c?offset=480
773,"
22,30 €","619,44 €/100g",Colon irritable pro Kijimea sin gluten y sin lactosa 14 ud.,Sin gluten,Sin lactosa,"Anadir
",https://www.carrefour.es/supermercado/parafarmacia/cat20008/c?offset=528
774,"
13,39 €","3,19 €/100g",Beta-Caroteno Oceanico Solgar sin gluten sin lactosa 60 ud. ,Sin gluten,Sin lactosa,"Anadir
",https://www.carrefour.es/supermercado/parafarmacia/cat20008/c?offset=552
775,"
9,35 €","19,08 €/100g",Vitaminas Vitalidad con jalea real y coenzima Q10 Leotron sin gluten sin lactosa 30 ud.,Sin gluten,Sin lactosa,"Anadir
",https://www.carrefour.es/supermercado/parafarmacia/cat20008/c?offset=600
776,"
4,89 €","7,28 €/100g",Multi vitaminas + oligoelementos sin azucares Vallesol 24 comprimidos.,Sin gluten,Sin lactosa,"Anadir
",https://www.carrefour.es/supermercado/parafarmacia/cat20008/c?offset=600
777,"
2,99 €","2,85 €","0,50 €/100ml
 | 
0,48 €/100ml",Gel de ducha Moussel 600 ml.,Ver productos de la promocion,"Anadir
",https://www.carrefour.es/supermercado/perfumeria-e-higiene/cat20004/c
778,"
3,32 €","3,25 €","4,43 €/100ml
 | 
4,33 €/100ml",Dentifrico proteccion profesional Pro-Expert Oral-B 75 ml.,Ver productos de la promocion,"Anadir
",https://www.carrefour.es/supermercado/perfumeria-e-higiene/cat20004/c
779,"
2,39 €","2,29 €","3,19 €/100ml
 | 
3,05 €/100ml",Dentifrico blanqueador para dientes mas blancos al instante Max White Optic Colgate 75 ml.,Ver productos de la promocion,"Anadir
",https://www.carrefour.es/supermercado/perfumeria-e-higiene/cat20004/c
780,"
2,99 €","2,85 €","0,50 €/100ml
 | 
0,48 €/100ml",Gel de ducha Moussel 600 ml.,Ver productos de la promocion,"Anadir
",https://www.carrefour.es/supermercado/perfumeria-e-higiene/cat20004/c
781,"
3,32 €","3,25 €","4,43 €/100ml
 | 
4,33 €/100ml",Dentifrico proteccion profesional Pro-Expert Oral-B 75 ml.,Ver productos de la promocion,"Anadir
",https://www.carrefour.es/supermercado/perfumeria-e-higiene/cat20004/c
782,"
2,39 €","2,29 €","3,19 €/100ml
 | 
3,05 €/100ml",Dentifrico blanqueador para dientes mas blancos al instante Max White Optic Colgate 75 ml.,Ver productos de la promocion,"Anadir
",https://www.carrefour.es/supermercado/perfumeria-e-higiene/cat20004/c
783,"
2,65 €","2,47 €","3,53 €/100ml
 | 
3,29 €/100ml",Dentifrico original 24h de proteccion completa Total Colgate 75 ml.,Ver productos de la promocion,"Anadir
",https://www.carrefour.es/supermercado/perfumeria-e-higiene/cat20004/c
784,"
2,69 €","2,55 €","1,79 €/l
 | 
1,70 €/l","Limpiador de bano Don Limpio 1,5 l.",Ver productos de la promocion,"Anadir
",https://www.carrefour.es/supermercado/limpieza-y-hogar/cat20005/c
785,"
2,69 €","2,55 €","1,79 €/l
 | 
1,70 €/l","Limpiador de bano Don Limpio 1,5 l.",Ver productos de la promocion,"Anadir
",https://www.carrefour.es/supermercado/limpieza-y-hogar/cat20005/c
786,"
3,79 €","3,55 €","0,05 €/lavado
 | 
0,05 €/lavado",Suavizante concentrado azul vital Mimosin 78 lavados.,Ver productos de la promocion,"Anadir
",https://www.carrefour.es/supermercado/limpieza-y-hogar/cat20005/c
787,"
11,89 €","11,69 €","0,25 €/lavado
 | 
0,24 €/lavado",Detergente en capsulas original Todo en Uno Pods Ariel 48 lavados.,Ver productos de la promocion,"Anadir
",https://www.carrefour.es/supermercado/limpieza-y-hogar/cat20005/c
788,"
5,29 €","4,80 €","0,11 €/m
 | 
0,10 €/m",Papel de aluminio Albal 50 metros.,Ver productos de la promocion,"Anadir
",https://www.carrefour.es/supermercado/limpieza-y-hogar/cat20005/c
789,"
1,99 €","4,97 €/kg",Preparado de fresa sin azucar anadido desde 6 meses ecologico My Carrefour Baby Bio sin gluten pack de 4 bolsitas de 100 g.,Bio,Sin gluten,"Anadir
",https://www.carrefour.es/supermercado/bebe/cat20006/c
790,"
2,45 €","6,12 €/kg",Tarrito de verduras con lubina desde 8 meses ecologico Carrefour Baby Bio sin gluten pack de 2 unidades de 200 g.,Bio,Sin gluten,"Anadir
",https://www.carrefour.es/supermercado/bebe/cat20006/c
791,"
4,15 €","10,37 €/kg","Bolsita de platano, pera y naranja ecologica Hero Solo pack sin gluten 4 unidades de 100 g.",Bio,Sin gluten,"Anadir
",https://www.carrefour.es/supermercado/bebe/cat20006/c
792,"
1,62 €","40,50 €/kg",Snack de zanahoria y maiz desde 10 meses ecologico Hero Solo sin gluten 40 g.,Bio,Sin gluten,"Anadir
",https://www.carrefour.es/supermercado/bebe/cat20006/c
793,"
2,45 €","6,12 €/kg",Tarrito de verduritas con papata y salmon desde 8 meses ecologico Carrefour Baby Bio sin gluten pack de 2 unidades de 200 g.,Bio,Sin gluten,"Anadir
",https://www.carrefour.es/supermercado/bebe/cat20006/c
794,"
1,93 €","1,85 €","55,14 €/kg
 | 
52,86 €/kg",Snack de cereales con frambuesa ecologico Nutripuffs Naturnes Bio Nestle 35 g.,Ver productos de la promocion,"Anadir
",https://www.carrefour.es/supermercado/bebe/cat20006/c
